=LDR  00385    a2200109   4500
=001  11413
=100  \\$aSusato, Tielman$dfl. 1529-1561$4cmp$1http://www.wikidata.org/entity/Q547783$914314
=245  \\$aHet ierste musyck boexken
=260  \\$c1908
=942  \\$cSCO
=952  \\$00$10$40$70$8SCO$911400$aORPH$bORPH$cKTS1_P$d2021-01-12$l0$p20124074$r2021-01-12 00:00:00$w2021-01-12$ySCO$OW.1211
=999  \\$c11413$d11413

