=LDR  00393    a2200109   4500
=001  11422
=100  \\$aSweelinck, Jan Pieterszoon$d1562-1621$4cmp$1http://www.wikidata.org/entity/Q110294$911454
=245  \\$aFantasias and Toccatas
=260  \\$c1974
=942  \\$cSCO
=952  \\$00$10$40$70$8SCO$911409$aORPH$bORPH$cKTS1_P$d2021-01-12$l0$p20124019$r2021-01-12 00:00:00$w2021-01-12$ySCO$OW.1132-I:1
=999  \\$c11422$d11422

