=LDR  00410    a2200109   4500
=001  11424
=100  \\$aSweelinck, Jan Pieterszoon$d1562-1621$4cmp$1http://www.wikidata.org/entity/Q110294$911454
=245  \\$aSettings of Sacred Melodies 1st edition
=260  \\$c1968
=942  \\$cSCO
=952  \\$00$10$40$70$8SCO$911411$aORPH$bORPH$cKTS1_P$d2021-01-12$l0$p20124020$r2021-01-12 00:00:00$w2021-01-12$ySCO$OW.1132-I:2
=999  \\$c11424$d11424

