=LDR  00402    a2200109   4500
=001  11431
=100  \\$aSweelinck, Jan Pieterszoon$d1562-1621$4cmp$1http://www.wikidata.org/entity/Q110294$911454
=245  \\$aComposition Regeln Herrn M. Johan
=260  \\$c1901
=942  \\$cSCO
=952  \\$00$10$40$70$8SCO$911418$aORPH$bORPH$cKTS1_P$d2021-01-12$l0$p20121608$r2021-01-12 00:00:00$w2021-01-12$ySCO$OW.1235-X
=999  \\$c11431$d11431

