=LDR  01712aam a2200253   4500
=001  11438
=008  230524s1972\\\\|||a||||\||||\00|\0\dut\d
=041  \\$adut
=100  1\$aSzablowski, Jerzy$4edt$1http://www.wikidata.org/entity/Q11725489$914323
=245  \\$aDe Vlaamse Wandtapijten van de Wawelburcht te Krakau:$bkunstschat van koning Sigismund II Augustus Jagello 
=260  \\$c1972$aAntwerp$bMercatorfonds
=300  \\$a499 pages
=505  \\$gI. De oorsprong en de geschiedenis van de verzameling. De Koninklijke opdrachtgever -- II. Wandtapijten met figuren. Taferelen uit het boek Genesis -- III. Verdures met dieren -- IV. De wandtapijten met grotesken -- V. De Vlaamse tapijtweefkunst en het groot getuigenis van de Wawelburcht -- VI. De Nederlanden ten tijde van het onstaan van de wandtapijten van de Wawelburcht
=600  \0$aSigismund II Augustus$cKing of Poland$d1520-1572$1http://www.wikidata.org/entity/Q54058$914322
=610  \0$aZamek Królewski na Wawelu (Kraków, Poland)$1http://www.wikidata.org/entity/Q7975612$91591
=648  \0$1http://www.wikidata.org/entity/Q7017$a16th Century (1501-1600)$920944
=650  \0$1http://www.wikidata.org/entity/Q184296$aTapestry$926233
=650  \0$1http://www.wikidata.org/entity/Q219625$aFine art$921579
=650  \0$1http://www.wikidata.org/entity/Q858517$922395$aCultural history
=651  \0$1http://www.wikidata.org/entity/Q31487$aKraków (Poland)$924842
=651  \0$1http://www.wikidata.org/entity/Q234$aFlanders (Belgium)$989
=942  \\$cBOO
=952  \\$00$10$2ddc$40$6TOP_PL_KRA_4_000000000000000$70$8TOP$911425$aORPH$bORPH$cKTS0$d2021-01-12$eKoopman$i34C19$l0$oTOP PL.KRA 4$p20122568$r2021-01-12 00:00:00$w2021-01-12$yBOO$OKoopman
=999  \\$d11438

