=LDR  00338    a2200121   4500
=001  11439
=020  \\$a8322414269
=100  \\$aSzamotul, W. Z.$4cmp$914325
=245  \\$aPiesni
=260  \\$c1981
=942  \\$cSCO
=952  \\$00$10$40$70$8SCO$911426$aORPH$bORPH$cKTS1_P$d2021-01-12$l0$p20121688$r2021-01-12 00:00:00$w2021-01-12$ySCO$OW.0215
=999  \\$c11439$d11439

