=LDR  00314    a2200109   4500
=001  11440
=100  \\$aSzarzyñski, S. S.$4cmp$914326
=245  \\$aSonata
=260  \\$c1958
=942  \\$cSCO
=952  \\$00$10$40$70$8SCO$911427$aORPH$bORPH$cKTS1_P$d2021-01-12$l0$p20121642$r2021-01-12 00:00:00$w2021-01-12$ySCO$OW.0847
=999  \\$c11440$d11440

