=LDR  01280cam a22002774a 4500
=001  11453
=005  20250121142127.0
=008  990222r19991973enka\\\\\b\\\\001\0\eng\\
=020  \\$a0860787893 (hardback : alk. paper)
=040  \\$aOI
=041  \\$aeng
=100  \\$aTalbot, Michael$d1943-$4aut$1http://www.wikidata.org/entity/Q1427144$914335
=245  10$aVenetian Music in the Age of Vivaldi
=260  \\$aAldershot$aBrookfield$bAshgate$c1999
=300  \\$billustrations$c23 cm
=490  1\$aVariorum collected studies series$vCS661
=504  \\$aIncludes bibliographical references and indexes.
=505  0\$aMusic in Venice -- Vivaldi -- Other Venetian composers.
=600  \0$aVivaldi, Antonio$d1678-1741$1http://www.wikidata.org/entity/Q1340$911980
=648  \0$a17th Century (1601-1700)$1http://www.wikidata.org/entity/Q7016$920923
=648  \0$a18th Century (1701-1800)$1http://www.wikidata.org/entity/Q7015$920899
=650  \0$aMusic history$1http://www.wikidata.org/entity/Q846047$921373
=651  \0$aVenice (Italy)$1http://www.wikidata.org/entity/Q641$91
=942  \\$cBOO
=952  \\$00$10$2ddc$40$6TOP_IT_VEN1_5_000000000000000$70$8TOP$911439$aORPH$bORPH$cKTS0$d2021-01-12$eKoopman$i45C07$oTOP IT.VEN1 5$p20127357$r2021-01-12 00:00:00$w2021-01-12$yBOO
=999  \\$d11453

