=LDR  01267cam a2200301 a 4500
=001  11455
=005  20250121142127.0
=008  810707s1980\\\\au\ag\\\\b\\\\001\0\ger\\
=020  \\$z385730469 :$cS498.00
=040  \\$aOI
=041  0\$ager
=100  \\$aTalsma, Willem Retze$4aut$914340
=245  10$aAnleitung zur Entmechanisierung der Musik
=260  \\$aInnsbruck$bWort und Welt$c1980
=300  \\$a270 pages$billustrations, music$c28 cm
=490  1\$aWiedergeburt der Klassiker$v1
=500  \\$aIncludes text in English and French.
=500  \\$aIncludes index.
=504  \\$aBibliography: p. 263-265.
=648  \0$a18th Century (1701-1800)$1http://www.wikidata.org/entity/Q7015$920899
=648  \0$a19th Century (1801-1900)$1http://www.wikidata.org/entity/Q6955$920935
=650  \0$aTempo$1http://www.wikidata.org/entity/Q189214$92723
=650  \0$aMeter$1http://www.wikidata.org/entity/Q630649$924074
=650  \0$aMetronome$1http://www.wikidata.org/entity/Q156424$922225
=650  \0$aMusic history$1http://www.wikidata.org/entity/Q846047$921373
=942  \\$cBOO
=952  \\$00$10$2ddc$40$6MTP_1_000000000000000_TALS$70$8MTP$911441$aORPH$bORPH$cKM12_1$d2021-01-12$eKoopman$i30F01$l0$oMTP1 TALS$p20123328$r2021-01-12 00:00:00$w2021-01-12$yBOO
=999  \\$d11455

