=LDR  01557cam a2200337 a 4500
=001  11457
=005  20251008125855.0
=008  820811s1981\\\\\\\d\\\\\b\\\\000\0dger\|
=015  \\$aGFR***
=020  \\$a3764921978
=041  \\$ager
=100  \\$aTank, Ulrich$914341$4aut
=245  10$aStudien zur Esterházyschen Hofmusik von etwa 1620 bis 1790
=260  \\$aRegensburg$bBosse$c1981
=300  \\$avi-523 pages
=490  \\$aKölner Beiträge zur Musikforschung$v101
=502  \\$aThesis (doctoral)--Universität zu Köln, 1979.
=504  \\$aBibliography: p. 514-523.
=610  \0$aEszterházy family$1http://www.wikidata.org/entity/Q1369980$922423
=648  \0$a17th Century (1601-1700)$1http://www.wikidata.org/entity/Q7016$920923
=648  \0$a18th Century (1701-1800)$1http://www.wikidata.org/entity/Q7015$920899
=650  \0$aMusic history$1http://www.wikidata.org/entity/Q846047$921373
=650  \0$aCourt$1http://www.wikidata.org/entity/Q1134237$922191
=650  \0$aCappella$1http://www.wikidata.org/entity/Q19902156$922910
=650  \0$aNobility$1http://www.wikidata.org/entity/Q134737$93602
=651  \0$aHungary$1http://www.wikidata.org/entity/Q28$921233
=651  \0$aEszterháza (Hungary)$1http://www.wikidata.org/entity/Q667208$923790
=651  \0$aEisenstadt (Austria)$1http://www.wikidata.org/entity/Q126321$939670
=942  \\$cBOO
=952  \\$00$10$2ddc$40$6TOP_HU_5_000000000000000$70$8TOP$911443$aORPH$bORPH$cKTS0$d2021-01-12$eKoopman$i30E32$l0$oTOP HU 5$p20123335$r2021-01-12 00:00:00$w2021-01-12$yBOO$OKoopman
=999  \\$d11457

