=LDR  00340    a2200109   4500
=001  11469
=100  \\$aTechelmann, F. M.$4cmp$914356
=245  \\$aSuiten für Tasteninstrumente
=260  \\$c1966
=942  \\$cSCO
=952  \\$00$10$40$70$8SCO$911455$aORPH$bORPH$cKTS1_P$d2021-01-12$l0$p20121832$r2021-01-12 00:00:00$w2021-01-12$ySCO$OW.1030-115
=999  \\$c11469$d11469

