=LDR  00993aam a2200193   4500
=001  11470
=008  250326s1932\\\\||||||||\b|||\00|\0|ger\d
=100  \\$aTechritz, Hermann$d1896-19?$914357
=245  \\$aSächsische Stadtpfeiffer.$bZur GEschichte des Stadtmusikwesens im ehemaligen Königreich Sachsen
=260  \\$c1932$aLeipzig
=300  \\$a32 pages
=590  \\$aInaugural-Dissertation zur Erlangung der philosophischen Doktorwürde der Philosophischen Fakultät der Universität Leipzig
=648  \0$aPast$1http://www.wikidata.org/entity/Q192630$922196
=650  \0$aMusic history$1http://www.wikidata.org/entity/Q846047$921373
=650  \0$aStadtpfeifer$1http://www.wikidata.org/entity/Q1412422$924631
=651  \0$aSaxony (Germany)$1http://www.wikidata.org/entity/Q1202$955
=942  \\$cDIS
=952  \\$00$10$2ddc$40$6TOP_DE_SAX1_0_000000000000000$70$8TOP$911456$aORPH$bORPH$cKTS0$d2021-01-12$eKoopman$i44F06$l0$oTOP DE.SAX1 0$p20126839$r2021-01-12 00:00:00$w2021-01-12$yDIS$OKoopman
=999  \\$d11470

