=LDR  00396    a2200109   4500
=001  11476
=100  \\$aTelemann, Georg Philipp$d1681-1767$4cmp$1http://www.wikidata.org/entity/Q75854$99287
=245  \\$aSerenata "Deutschland grünt und b
=260  \\$c1992
=942  \\$cSCO
=952  \\$00$10$40$70$8SCO$911462$aORPH$bORPH$cKTS1_P$d2021-01-12$l0$p20121657$r2021-01-12 00:00:00$w2021-01-12$ySCO$OW.0547
=999  \\$c11476$d11476

