=LDR  01072nam a2200253 a 4500
=001  11487
=005  20250120120906.0
=008  860424s1985\\\\ne\a\\\\\\\\\\001\0\dut\\
=020  \\$a9025719457 :$cfl 24.50
=040  \\$aOI
=100  \\$aTervooren, Ed$d1937- $914375
=245  10$aMuziekreisgids :$been topografie van muziekgeschiedenis en muziekleven in Oostenrijk, Hongarije, Tsjechoslowakije
=260  \\$aHaarlem$bJ.H. Gottmer$c1985
=300  \\$a142 pages$billustraties$c21 cm.
=650  \0$aMusic$92062
=650  \0$aTravel$1http://www.wikidata.org/entity/Q61509$94440
=650  \0$aMusic$93810
=651  \0$aAustria$1http://www.wikidata.org/entity/Q40$9202
=651  \0$aHungary$1http://www.wikidata.org/entity/Q28$921233
=651  \0$aCzech Republic$1http://www.wikidata.org/entity/Q213$921253
=651  \0$aSlovakia$1http://www.wikidata.org/entity/Q214$925682
=942  \\$cBOO
=952  \\$00$10$2ddc$40$6TOP_AT_0_000000000000000$70$8TOP$911473$aORPH$bORPH$cKTS0$d2021-01-12$eKoopman$l0$oTOP AT 0$p20125429$r2021-01-12 00:00:00$w2021-01-12$yBOO$OKoopman
=999  \\$d11487

