=LDR  00561    a2200157   4500
=001  11521
=008  210410r19881533\\\|||||\||||\00|\0\ita\d
=041  \\$aita
=100  \\$aLanfranco, Giovanni Maria$d1490-1545$4aut$921188
=245  \\$aScintille di musica
=260  \\$c1988$aBrescia
=300  \\$a174 pages
=942  \\$cBOO
=952  \\$00$10$2ddc$40$6TRE_LANF$70$8TRE$911506$aORPH$bORPH$cKTS1_H$d2021-01-12$eKoopman$i21B58$l0$oTRE LANF$p20128384$r2021-01-12 00:00:00$w2021-01-12$yBOO
=999  \\$c11521$d11521
=650  \0$aMusic theory$1http://www.wikidata.org/entity/Q193544$92662

