=LDR  01167cam a2200277 i 4500
=001  11536
=005  20250120120214.0
=008  771209r19781495nyu\\\\\\bd\\\000\0\mul\\
=020  \\$a0306775603 :$c$12.95
=040  \\$aOI
=041  0\$aeng$alat
=100  \\$aTinctoris, Johannes$d1435-1511$4aut$1http://www.wikidata.org/entity/Q370512$919384
=240  10$9966$aTerminorum musicae diffinitorium.$lEnglish & Latin
=245  00$aDictionary of musical terms by Johannes Tinctoris.$bAn English translation of Terminorum musicae diffinitorium : together with the Latin text
=260  \\$aNew York$bDa Capo Press$c1978, 1963
=300  \\$axi, 108 pages$c23 cm.
=490  0\$aDa Capo Press music reprint series
=504  \\$aBibliography: p. 99-100.
=534  \\$c1495
=650  \0$aMusic$92062
=650  \0$aMusic theory$1http://www.wikidata.org/entity/Q193544$92662
=650  \0$aLatin$1http://www.wikidata.org/entity/Q397$93992
=700  \\$aParrish, Carl$d1904-1965$4trl$4ann$919292
=942  \\$cBOO
=952  \\$00$10$2ddc$40$6REF_1_000000000000000$70$8REF$911521$aORPH$bORPH$cKM12_1$d2021-01-12$i29E06$oREF1$p20121289$r2021-01-12 00:00:00$w2021-01-12$yBOO
=999  \\$d11536

