=LDR  01264ccm a2200277 a 4500
=001  11554
=005  20250120120007.0
=008  840905m19659999enkana\\\\\\\\\n\\\\eng\\
=020  \\$a0852496036 (v. 4)
=020  \\$a0852497873 (v. 5)
=020  \\$a0852498128 (v. 6)
=040  \\$aOI
=041  \\$aeng
=100  \\$aTomkins, Thomas$d1572-1656$4cmp$1http://www.wikidata.org/entity/Q968698$914438
=245  10$aMusica Deo sacra
=260  \\$aLondon$bBritish Academy$bStainer and Bell$c1965
=300  \\$a1 score (v. <1-6   >) ;$c26 cm.
=490  1\$aEarly English Church Music$v5, 9, 14, 27, 37, 39
=505  1\$a1-3. Verse anthems -- 4. Anthems of three parts (unacc.) ; Anthems of four parts for men ; Full anthems of four parts -- 5. Full anthems of five parts -- 6. Full anthems of six, seven, eight, and twelve parts.
=648  \0$a17th Century (1601-1700)$1http://www.wikidata.org/entity/Q7016$920923
=650  \0$aChurch music$1http://www.wikidata.org/entity/Q8812109$92283
=651  \0$aUnited Kingdom$1http://www.wikidata.org/entity/Q21$9273
=700  \\$aRose, Bernard$d1916-1996$4edt$914439
=942  \\$cSCO
=952  \\$00$10$40$70$8SCO$911539$aORPH$bORPH$cKTS1_P$d2021-01-12$l0$p20124046$r2021-01-12 00:00:00$w2021-01-12$ySCO$OW.1480
=999  \\$c11554$d11554

