=LDR  01251aam a2200265   4500
=001  11565
=008  250519s1990\\\\|||oaf||\||||\00|\0\ger\d
=020  \\$a9788487452062
=041  \\$ager
=100  \\$aTort i Mitjans, Francesc$914449$4aut
=245  \\$aSanta Matia del Mar.$bDie Kathedrale von la Ribera
=260  \\$c1990$aBarcelona$bStiftung Uriach
=300  \\$a127 pages
=610  \0$aBasilica Santa Maria Del Mar (Barcelona, Spain)$1http://www.wikidata.org/entity/Q908802$940224
=650  \0$aChurch$1http://www.wikidata.org/entity/Q16970$93776
=650  \0$aCatholicism$1http://www.wikidata.org/entity/Q1841$921631
=650  \0$aArchitecture$1http://www.wikidata.org/entity/Q12271$93185
=650  \0$aOrgan$1http://www.wikidata.org/entity/Q1444$92810
=650  \0$aInterior design$1http://www.wikidata.org/entity/Q179232$921367
=650  \0$aUrban design$1http://www.wikidata.org/entity/Q63100$939883
=650  \0$aHistory$1http://www.wikidata.org/entity/Q309$921403
=651  \0$aBarcelona (Spain)$1http://www.wikidata.org/entity/Q1492$925739
=942  \\$cBOO
=952  \\$00$10$2ddc$40$6TOP_ES_BAR$70$8TOP$911550$aORPH$bORPH$cKTS0$d2021-01-12$eKoopman$i46F29$l0$oTOP ES.BAR$p20126889$r2021-01-12 00:00:00$w2021-01-12$yBOO$OKoopman
=999  \\$d11565

