=LDR  01117nam a2200253 a 4500
=001  11578
=005  20250121142128.0
=008  951208s1995\\\\ne\a\\\\\b\\\\001\0\dut\\
=020  \\$a9061684390
=040  \\$aOI
=100  \\$aTreffers, Bert$4aut$914461
=245  14$aEen hemel op aarde:$bextase in de Romeinse barok
=260  \\$aNijmegen$bSUN$c1995
=300  \\$a286 p. :$bill. ;$c22 cm.
=504  \\$aIncludes bibliographical references (p. 255-278) and indexes.
=648  \0$a17th Century (1601-1700)$1http://www.wikidata.org/entity/Q7016$920923
=648  \0$a18th Century (1701-1800)$1http://www.wikidata.org/entity/Q7015$920899
=650  \0$aBaroque$1http://www.wikidata.org/entity/Q37853$921255
=650  \0$aFine art$1http://www.wikidata.org/entity/Q219625$921579
=650  \0$aArchitecture$1http://www.wikidata.org/entity/Q12271$93185
=651  \0$aRome (Italy)$1http://www.wikidata.org/entity/Q220$949
=942  \\$cBOO
=952  \\$00$10$2ddc$40$6TOP_IT_ROM_5_000000000000000$70$8TOP$911563$aORPH$bORPH$cKTS0$d2020-07-09$eKoopman$i23E07$oTOP IT.ROM 5$p20128962$r2021-01-12 00:00:00$w2021-01-12$yBOO
=999  \\$d11578

