=LDR  00768cam a2200205 a 4500
=001  11586
=005  20250120120140.0
=008  970905s1997\\\\ne\a\\\\\\\\\\001\0\dut\\
=020  \\$a9040098506
=040  \\$aOI
=100  \\$aTromp, Heimerick$4edt$914468
=245  10$aPrivate Country Houses in the Netherlands
=260  \\$aZwolle$bWaanders$c1997
=300  \\$a304 pages$billustrations (some color)$c32 cm
=504  \\$aIncludes bibliographical references (p. 294-295) and index.
=650  \0$aArchitecture$1http://www.wikidata.org/entity/Q12271$93185
=651  \0$aNetherlands$1http://www.wikidata.org/entity/Q55$9173
=942  \\$cBOO
=952  \\$00$10$40$70$911571$aORPH$bORPH$cLOC_UNK$d2021-01-12$l0$p20128166$r2021-01-12 00:00:00$w2021-01-12$yTYPE_UNK$OKoopman
=999  \\$d11586

