=LDR  00745aam a2200193   4500
=001  11600
=008  250620s1945\\\\|||afcg|\||||\00|\0\eng\d
=041  \\$aeng
=100  \\$aTurner, W. J.$914488$4aut
=245  \\$aEnglish Music
=250  \\$a4th Ed.
=260  \\$c1945$aLondon$bCollins
=300  \\$a48 pages 12 inserted plates
=490  \\$aBritain in Pictures
=650  \0$aMusic history$1http://www.wikidata.org/entity/Q846047$921373
=651  \0$aUnited Kingdom$1http://www.wikidata.org/entity/Q21$1http://www.wikidata.org/entity/Q145$9273
=942  \\$cBOO
=952  \\$00$10$2ddc$40$6TOP_GB_0_000000000000000$70$8TOP$911585$aORPH$bORPH$cKTS0$d2021-01-12$eKoopman$i24F37$l0$oTOP GB 0$p20125849$r2021-01-12 00:00:00$w2021-01-12$yBOO$OKoopman
=999  \\$d11600

