=LDR  00860aam a2200205   4500
=001  11602
=005  20251003085458.0
=008  230329r19831933||||||||\c|||\00|\0\ita\d
=041  \\$aita
=100  1\$aTurrini, Giuseppe$d1889-1978$4aut$1http://www.wikidata.org/entity/Q21542070$914490
=245  \\$a Catalogo delle opere musicali:$bCittà di Verona, Biblioteca della Soc. Accademia Filarmonica di Verona
=260  \\$c1983$bForni
=300  \\$avii-54 pages
=534  \\$aOriginally published in 1933
=650  \0$aCatalogue$1http://www.wikidata.org/entity/Q2352616$921484
=650  \0$aLibrary$1http://www.wikidata.org/entity/Q7075$94229
=651  \0$aVerona (Italy)$1http://www.wikidata.org/entity/Q2028$921086
=942  \\$cBOO
=952  \\$00$10$40$70$911587$aORPH$bORPH$cLOC_UNK$d2021-01-12$l0$p20125887$r2021-01-12 00:00:00$w2021-01-12$yTYPE_UNK$OKoopman
=999  \\$d11602

