=LDR  00344    a2200097   4500
=001  11607
=100  \\$aTwijnstra, G.$914493
=245  \\$aPublicaties van de stichting tot behoud van het Nederlandse orgel
=942  \\$cBOO
=952  \\$00$10$40$70$911591$aORPH$bORPH$cLOC_UNK$d2021-01-12$l0$p20120022$r2021-01-12 00:00:00$w2021-01-12$yTYPE_UNK$OKoopman
=999  \\$c11607$d11607

