=LDR  01034nam a2200241 a 4500
=001  11609
=005  20250120120215.0
=008  960903s1996\\\\enkabg\\\bc\\\001\0\eng\d
=020  \\$a1850830398
=040  \\$aUk$cUk$dDLC$dDLC
=100  \\$aTwyman, Michael.$1http://www.wikidata.org/entity/Q10329472$914495
=245  10$aEarly lithographed music.$bA study based on the H. Baron Collection
=260  \\$aLondon$bFarrand$c1996
=300  \\$a578 pages$bill., music, maps$c29 cm.
=504  \\$aIncludes bibliographical references (p. [535]-539) and indexes.
=600  \0$aBaron, Hermann$914496
=610  \0$aUniversity of Reading (United Kingdom)$91601
=650  \0$aMusic printing$1http://www.wikidata.org/entity/Q64416036$94007
=650  \0$aLithography$1http://www.wikidata.org/entity/Q133036$94008
=650  \0$aMusic$92062
=942  \\$cBOO
=952  \\$00$10$2ddc$40$6BIB_3_000000000000000_TWYM$70$8BIB$911593$aORPH$bORPH$cKTS0$d2021-01-12$eKoopman$i35F03$l0$oBIB3 TWYM$p20120689$r2021-01-12 00:00:00$w2021-01-12$yBOO$OKoopman
=999  \\$d11609

