=LDR  00505aam a2200145   4500
=001  11614
=008  250618s1928\\\\||||||||\||||\00|\0\ger\d
=041  \\$ager
=100  \\$aUnger, Hans Heinrich$914501$4edt
=245  \\$aMusikgeschichte in Selbstzeugnissen
=260  \\$aMunich$bPiper$c1928
=650  \0$aMusic history$1http://www.wikidata.org/entity/Q846047$921373
=942  \\$cBOO
=952  \\$00$10$40$70$911598$aORPH$bORPH$cLOC_UNK$d2021-01-12$l0$p20125736$r2021-01-12 00:00:00$w2021-01-12$yTYPE_UNK$OKoopman
=999  \\$d11614

