=LDR  00309    a2200109   4500
=001  11622
=100  \\$aUrio, F.A.$4cmp$914510
=245  \\$aTe Deum
=260  \\$c1902
=942  \\$cSCO
=952  \\$00$10$40$70$8SCO$911606$aORPH$bORPH$cKTS1_P$d2021-01-12$l0$p20123858$r2021-01-12 00:00:00$w2021-01-12$ySCO$OW.0050-2
=999  \\$c11622$d11622

