=LDR  01367aam a2200241   4500
=001  11624
=008  250514s1978\\\\|||abfo|\||||\00|\0deng\d
=041  \\$aeng
=100  \\$aUsherwood, Stephen$914512$1http://www.wikidata.org/entity/Q131565361$4aut$d1907-?
=245  \\$aThe Great Enterprise: The History of the Spanish Armada.$bAs revealed in contemporary documents.
=260  \\$c1978$aLondon$bThe Folio Society
=300  \\$a192 pages$billustrated title page, front-and backpapers.
=600  \0$aPhilip II of Spain$d1527-1598$1http://www.wikidata.org/entity/Q34417$940215
=600  \0$aElizabeth I$cQueen of England$d1533-1603$1http://www.wikidata.org/entity/Q7207$921665
=648  \0$a16th Century (1501-1600)$1http://www.wikidata.org/entity/Q7017$920944
=650  \0$aMilitary history$1http://www.wikidata.org/entity/Q192781$93874
=650  \0$aSpanish Armada$1http://www.wikidata.org/entity/Q179684$940214
=650  \0$aCorrespondence$1http://www.wikidata.org/entity/Q1784733$921392
=651  \0$aUnited Kingdom$1http://www.wikidata.org/entity/Q21$1http://www.wikidata.org/entity/Q145$9273
=651  \0$aSpain$1http://www.wikidata.org/entity/Q29$920983
=942  \\$cBOO
=952  \\$00$10$2ddc$40$6TOP_ES_4_000000000000000$70$8TOP$911608$aORPH$bORPH$cKTS0$d2021-01-12$eKoopman$i45A09$l0$oTOP ES 4$p20127440$r2021-01-12 00:00:00$w2021-01-12$yBOO$OKoopman
=999  \\$d11624

