=LDR  00842aam a2200181   4500
=001  11642
=245  \\$aMusiceren als brugman:$bde verbindingen tussen muziek en retorica in de 17e en 18e eeuw
=260  \\$aNetherlands$bKKROO$c1983
=648  \0$a17th Century (1601-1700)$1http://www.wikidata.org/entity/Q7016$920923
=648  \0$a18th Century (1701-1800)$1http://www.wikidata.org/entity/Q7015$920899
=650  \0$aRhetoric$1http://www.wikidata.org/entity/Q81009$93894
=650  \0$aMusic history$1http://www.wikidata.org/entity/Q846047$921373
=700  \\$aDijk, Peter van$4aut$919446
=700  \\$aLeeuw, Gerard van der$4aut$939777
=700  \\$aLeussink, Jos$4aut$939778
=942  \\$cBOO
=952  \\$00$10$2ddc$40$6GHM_5_000000000000000$70$8GHM$911626$aORPH$bORPH$cKM12_1$d2021-01-12$l0$oGHM5$p20129999$r2021-01-12 00:00:00$w2021-01-12$yBOO
=999  \\$d11642

