=LDR  00306    a2200109   4500
=001  11662
=022  \\$a00158496
=245  \\$aForum der letteren
=260  \\$c1988
=942  \\$cBOO
=952  \\$00$10$40$70$911645$aORPH$bORPH$cLOC_UNK$d2021-01-12$l0$p20120499$r2021-01-12 00:00:00$w2021-01-12$yTYPE_UNK$OKoopman
=999  \\$c11662$d11662

