=LDR  00888aab a2200217   4500
=001  11663
=008  210420s2016\\\\\\\|||||\||||\00|\0\eng\d
=022  \\$a00274380
=041  \\$aeng
=100  \\$aKoopman, Ton$d1944-$4aut$1http://www.wikidata.org/entity/Q445121$910491
=245  \\$aOn Book Collecting
=260  \\$aMiddleton, WI$bMusic Library Association$c2016
=300  \\$a192 pages
=490  \\$aNotes. Quarterly Journal of the Music Library Association$v72/4
=500  \\$aIssue of Notes. 
=650  \0$aBook$1http://www.wikidata.org/entity/Q571$92285
=650  \0$aCollecting$1http://www.wikidata.org/entity/Q208165$92117
=650  \0$aAntiquarianism$1http://www.wikidata.org/entity/Q56418598$93233
=942  \\$cBOO
=952  \\$00$10$2ddc$40$6TRE_KOOP$70$8TRE$911646$aORPH$bORPH$cKTS1_H$d2021-01-12$eKoopman$i46E11$l0$oTRE KOOP$p20126956$r2021-01-12 00:00:00$w2021-01-12$yBOO
=999  \\$d11663

