=LDR  01063aam a2200229   4500
=001  11665
=008  250402s2001\\\\|||afoc|\b|||\00|\0dger\d
=022  \\$a00666335
=041  \\$ager
=245  \\$aArchiv für Geschichte von Oberfranken.$b81. Band
=260  \\$c2001$aBayreuth$bHistorischer Verein für Oberfranken
=300  \\$a560 pages
=610  \0$aHistorischer Verein für Oberfranken (Bayreuth, Germany)$940007
=650  \0$aCultural history$1http://www.wikidata.org/entity/Q858517$922395
=650  \0$aHistory$1http://www.wikidata.org/entity/Q309$921403
=650  \0$aMusic history$1http://www.wikidata.org/entity/Q846047$921373
=650  \0$aInstitution$1http://www.wikidata.org/entity/Q178706$94241
=651  \0$aUpper Franconia$1http://www.wikidata.org/entity/Q10554$940008
=710  \\$aHistorischer Verein für Oberfranken (Bayreuth, Germany)$4edt$940007
=942  \\$cBOO
=952  \\$00$10$2ddc$40$6TOP_DE_UPP2$70$8TOP$911648$aORPH$bORPH$cKTS0$d2021-01-12$eKoopman$i47F23$l0$oTOP DE.UPP2$p20123787$r2021-01-12 00:00:00$w2021-01-12$yBOO$OKoopman
=999  \\$d11665

