=LDR  00345    a2200121   4500
=001  11672
=020  \\$a9070403358
=022  \\$a01662511
=245  \\$aHistorisch Tijdschrift Holland
=260  \\$c1994
=942  \\$cBOO
=952  \\$00$10$40$70$911655$aORPH$bORPH$cLOC_UNK$d2021-01-12$l0$p20120610$r2021-01-12 00:00:00$w2021-01-12$yTYPE_UNK$OKoopman
=999  \\$c11672$d11672

