=LDR  01200nam a2200277 a 4500
=001  11682
=005  20211001160120.0
=008  880323s1986\\\\ne\a\\\\\bc\\\001\0\dut\\
=020  \\$a9062590713
=040  \\$aOI
=041  0\$adutengger
=110  2\$aKoninklijke Bibliotheek (Netherlands)
=245  10$aVoornamelijk papier :$been papieren spiegelbeeld van Henk Voorn bij zijn afscheid als conservator van de afdeling Papierhistorie van de Koninklijke Bibliotheek : tevens catalogus bij de gelijknamige tentoonstelling, 2 oktober t/m 14 november 1986 /$c[foto's, J. van Dongen].
=260  \\$a's-Gravenhage :$bKoninklijke Bibliotheek,$cc1986.
=300  \\$a99 p. :$bill. (some col.) ;$c21 cm.
=500  \\$aDutch, English, and German.
=504  \\$aBibliography: p. 79-91.
=500  \\$aIncludes indexes.
=650  \0$aPaper$xHistory$xExhibitions.
=600  10$aVoorn, Henk,$d1921-
=700  1\$aVoorn, Henk,$d1921-
=700  1\$aDongen, J. van.
=952  \\$00$10$40$70$911665$aORPH$bORPH$cLOC_UNK$d2021-01-12$l0$p20128263$r2021-01-12 00:00:00$w2021-01-12$yTYPE_UNK$OKoopman
=999  \\$c11682$d11682
=490  \\$aTentoonstellingscatalogi en -brochures van de Koninklijke Bibliotheek,$v23
=942  \\$cBOO

