=LDR  01726cam a22003614a 4500
=001  11684
=005  20250120115806.0
=008  070529s2007\\\\gw\ag\\\\\\\\\011\0\ger\\
=020  \\$a9783487130095 (hd.bd.)
=020  \\$a3487130092 (hd.bd.)
=040  \\$aOI
=041  0\$ager$aeng$afre$aita
=245  03$a"L'esprit francais" und die Musik Europas :$bEnstehung, Einfluss und Grenzen einer ästhetischen Doktrin ; Festschrift für Herbert Schneider = "L'esprit francais" et la musique en Europe : émergence, influence et limites d'une doctrine esthétique /$cherausgegeben von Michelle Biget-Mainfroy und Rainer Schmusch.
=246  31$a"L'esprit francais" et la musique en Europe :$bémergence, influence et limites d'une doctrine esthétique
=260  \\$aHildesheim ;$aNew York:$bOlms,$c2007.
=300  \\$axxix, 839 p. :$bill., music ;$c25 cm.
=490  0\$aStudien und Materialien zur Musikwissenschaft,$x0176-0033 ;$vBd. 40
=500  \\$a"Festschrift für Herbert Schneider."
=500  \\$aGerman, French, English, and Italian.
=500  \\$aBibliography of Herbert Schneider's works: p. xiv-xxix.
=500  \\$aIncludes index.
=600  10$aSchneider, Herbert,$d1941-
=650  \0$zFrance$xPhilosophy and aesthetics.
=650  \0$zFrance
=650  \0$zEurope
=700  1\$aBiget-Mainfroy, Michelle.
=700  1\$aSchmusch, Rainer.
=700  1\$aSchneider, Herbert,$d1941-
=952  \\$00$10$40$6TOP_FR_0_000000000000000$70$8TOP$911667$aORPH$bORPH$cKTS0$d2021-01-12$oTOP FR 0$p20122025$r2021-01-12 00:00:00$w2021-01-12$yBOO$OKoopman
=999  \\$c11684$d11684
=651  \0$aFrance$1http://www.wikidata.org/entity/Q142$9131
=650  \0$aMusic history$1http://www.wikidata.org/entity/Q846047$921373
=942  \\$cBOO

