=LDR  00302    a2200109   4500
=001  11692
=022  \\$a02397080
=245  \\$aMusica Baltica
=260  \\$c2000
=942  \\$cBOO
=952  \\$00$10$40$70$911675$aORPH$bORPH$cLOC_UNK$d2021-01-12$l0$p20120526$r2021-01-12 00:00:00$w2021-01-12$yTYPE_UNK$OKoopman
=999  \\$c11692$d11692

