=LDR  02428cam a2200277 a 4500
=001  11725
=008  970128s1996\\\\gw\ag\\\\|\\\\100\e\ger\d
=041  \\$ager
=245  00$aFranzösische Einflüsse auf deutsche Musiker im 18. Jahrhundert.$cTagungbericht 10. Arolser Barock-Festspiele 1995
=260  \\$aCologne$bStudio$c1996
=300  \\$a224 pages
=490  \\$aArolser Beiträge zur Musikforschung$vBd. 4
=504  \\$aIncludes bibliographical references.
=505  0\$aSéjour de Paris : die Reiseeindrücke des Fürstlich-Waldeckischen Hofrates Joachim Christoph Nemeitz / Friedhelm Brusniak -- Die Musikalien des 18. Jahrhunderts in der Fürstlich Waldeckschen Hofbibliothek Arolsen / Hartmut Broszinski -- Die deutsch-französischen Musikbeziehungen im Zeitalter Rameaus und die Aufführung seines Castor und Pollux in Kassel (1771) / Herbert Schneider -- Die Politisierung der Barockoper : ein französisches Phänomen? / Dorothea Schröder -- Reinhard Keisers Schaffen im Hinblick auf französische Einflüsse / Klaus-Peter Koch -- Georg Philipp Telemanns Tonarten-Wahl und der französische Einfluss, dargestellt an Arien aus den Opern Der geduldige Sokrates (1721), Orpheus (1726) und Miriways (1728) / Annemarie Clostermann -- Telemanns Hamburger Opern nach französischem Vorbild / Peter Huth -- Französische Elemente in Telemanns Passionsrezitativ / Wolfgang Hirschmann -- "Für den deutschen soliden Sinn-- zu wenig consistente Nahrung" : Johann Sebastian Bach, Louis Marchand und die französische Tastenkunst / Hermann J. Busch -- Die Préludes non mesurés : eine französische Besonderheit? / Gerhard Blum.
=648  \0$a18th Century (1701-1800)$1http://www.wikidata.org/entity/Q7015$920899
=650  \0$aMusic$92062
=650  \0$aOpera$1http://www.wikidata.org/entity/Q1344 $92468
=650  \0$aFrench$1http://www.wikidata.org/entity/Q150$923117
=650  \0$aInfluence$1http://www.wikidata.org/entity/Q1307337$1http://www.wikidata.org/entity/Q16578639$922289
=650  \0$aMusic history$1http://www.wikidata.org/entity/Q846047$921373
=651  \0$aGermany$1http://www.wikidata.org/entity/Q183$9155
=700  \\$aBrusniak, Friedhelm$914569
=700  \\$aClostermann, Annemarie$d1956-$914570
=942  \\$cBOO
=952  \\$00$10$2ddc$40$6TOP_DE_5_000000000000000$70$8TOP$911708$aORPH$bORPH$cKTS0$d2021-01-12$eKoopman$i21F13a$l0$oTOP DE 5$p20125496$r2021-01-12 00:00:00$w2021-01-12$yBOO$OKoopman
=999  \\$d11725

