=LDR  01141aam a2200229   4500
=001  11733
=005  20250925143259.0
=008  250618s1996\\\\|||oa|||\||||\00|\0\eng\d
=245  \\$aCité de la Musique
=260  \\$c1996$aParis$bSociété Française de Promotion Artistique
=300  \\$a66 pages
=490  \\$aConnaissance des Arts
=610  \0$aCité de la Musique (Paris)$1http://www.wikidata.org/entity/Q115579145$1http://www.wikidata.org/entity/Q111713330$940417
=610  \0$aEnsemble Intercontemporain (Paris)$1http://www.wikidata.org/entity/Q125921$940418
=648  \0$a20th Century (1901-2000)$1http://www.wikidata.org/entity/Q6927$920936
=650  \0$aArchitecture$1http://www.wikidata.org/entity/Q12271$93185
=650  \0$aConcert$1http://www.wikidata.org/entity/Q182832$921044
=650  \0$aMuseum$1http://www.wikidata.org/entity/Q33506$93137
=651  \0$aParis (France)$1http://www.wikidata.org/entity/Q90$9160
=942  \\$cBOO
=952  \\$00$10$2ddc$40$6TOP_FR_PAR_7_000000000000000$70$8TOP$911716$aORPH$bORPH$cKTS0$d2021-01-12$eKoopman$i20G37$l0$oTOP FR.PAR 7$p20128151$r2021-01-12 00:00:00$w2021-01-12$yBOO$OKoopman
=999  \\$d11733

