=LDR  00621    a2200169   4500
=001  11734
=005  20230122211018.0
=020  \\$a2869061242
=022  \\$a12816019
=041  \\$afre
=100  \\$4aut$aVarious$94793
=245  \\$aEntre Theâtre et Musique: Recitatifs en Europe aux XVIIe et XVIIIe siècles.$cCahiers d'Histoire Culturelles numéro 6
=260  \\$c1999$aTours$bUniversité de Tours
=300  \\$a251 pages
=942  \\$cBOO$2ddc
=952  \\$00$10$2ddc$40$6GEN_16_000000000000000$70$8GEN$911717$aORPH$bORPH$cKM12_1$d2021-01-12$eKoopman$i22A40$l0$oGEN 16$p20125593$r2021-01-12 00:00:00$w2021-01-12$yBOO
=999  \\$c11734$d11734

