=LDR  01676aam a2200277   4500
=001  11735
=008  250319s1997\\\\|||bao||\||||\00|\0dger\d
=022  \\$a14344351
=110  \\$aOstfriesische Landschaft (Aurich, Germany)$1http://www.wikidata.org/entity/Q884700$4edt$923712
=245  \\$aEmder Jahrbuch für historische Landeskunde Ostfrieslands$bBand 77
=246  \1$aJahrbuch der Gesellschaft für bildende Kunst und vaterländische Altertümer zu Emden
=260  \\$c1997$aAurich$bOstfriesische Landschaft 
=300  \\$a295 pages
=505  \\$gJoachim Wendt/Matthias Christoph Wiedeburg (1690-1745), Hofkomponist der Fürsten von Ostfriesland. Neue Erkentnisse zu seiner Biographie (page 68-94)
=590  \\$aHerausgegeben in Verbindung mit der Gesellschaft für bildende Kunst und vaterländische Altertümer zu Emden sowie dem Niersächsischen Staatsarchiv in Aurich und der Johannes a Lasco Bibliothek Grosse Kirche Emden
=600  \0$aWiedeburg, Matthias Christoph$d1690-1745$1http://www.wikidata.org/entity/Q70381159$939949
=648  \0$a18th Century (1701-1800)$1http://www.wikidata.org/entity/Q7015$920899
=650  \0$aHistory$1http://www.wikidata.org/entity/Q309$921403
=650  \0$aMusic history$1http://www.wikidata.org/entity/Q846047$921373
=650  \0$aBiography$1http://www.wikidata.org/entity/Q36279$91927
=650  \0$aComposer$1http://www.wikidata.org/entity/Q36834$93625
=651  \0$aEmden (Germany)$939702
=700  \\$aWendt, Joachim$4ctb$939950
=942  \\$cBOO
=952  \\$00$10$2ddc$40$6TOP_DE_EMD$70$8TOP$911718$aORPH$bORPH$cKTS0$d2021-01-12$eKoopman$i45C19$l0$oTOP DE.EMD$p20127345$r2021-01-12 00:00:00$w2021-01-12$yBOO$OKoopman
=999  \\$d11735

