=LDR  01087aaa a2200217   4500
=001  11737
=008  250423s2016\\\\|||oa|||\||||\00|\0dger\d
=041  \\$ager
=245  \\$aBeiträge zur Husumer Stadtgeschichte.$bHeft 15
=260  \\$c2016$aHusum$bGesellschaft für Husumer Stadtgeschichte
=300  \\$a208 pages
=500  \\$aContains article by Konrad Küster: Wer war Nicolaus Bruhns? Spurensuche in Husum, Gottorf und Kopenhagen.
=600  \0$aBruhns, Nicolaus$d1665-1697$1http://www.wikidata.org/entity/Q57369$939958
=648  \0$a17th Century (1601-1700)$1http://www.wikidata.org/entity/Q7016$920923
=650  \0$aComposer$1http://www.wikidata.org/entity/Q36834$93625
=650  \0$aBiography$1http://www.wikidata.org/entity/Q36279$91927
=650  \0$aMusic history$1http://www.wikidata.org/entity/Q846047$921373
=651  \0$aHusum (Germany)$1http://www.wikidata.org/entity/Q21159$9208
=942  \\$cBOO
=952  \\$00$10$2ddc$40$6TOP_DE_HUS$70$8TOP$911720$aORPH$bORPH$cKTS0$d2021-01-12$eKoopman$i47C24$l0$oTOP DE.HUS$p20123728$r2021-01-12 00:00:00$w2021-01-12$yBOO$OKoopman
=999  \\$d11737

