=LDR  01393cam a22003134a 4500
=001  11740
=005  20250109133338.0
=008  100309s2010\\\\sz\ag\\\\b\\\\101\0\eng\\
=015  \\$aGBB043870$2bnb
=016  7\$a015517062$2Uk
=020  \\$a9783034300575 (pbk. : alk. paper)
=020  \\$a3034300573
=040  \\$aOI
=245  04$aThe dissemination of music in seventeenth-century Europe :$bcelebrating the Düben collection : proceedings from the international conference at Uppsala University 2006 /$cErik Kjellberg (ed.).
=260  \\$aBern :$aNew York :$bPeter Lang,$cc2010.
=300  \\$a358 p. :$bill., music ;$c23 cm.
=490  1\$aVaria musicologica,$x1660-8666 ;$v18
=504  \\$aIncludes bibliographical references and index.
=650  \0$aDissemination of music$xHistory$y17th century$vCongresses.
=610  20$aUppsala universitet.$bDüben collection$vCongresses.
=650  \0$zEurope$y17th century$vCongresses.
=650  \0$xManuscripts$zEurope$y17th century$vCongresses.
=700  1\$aKjellberg, Erik.
=830  \0$aVaria musicologica ;$vBd. 18.
=952  \\$00$10$40$70$911723$aORPH$bORPH$cLOC_UNK$d2021-01-12$l0$p20123663$r2021-01-12 00:00:00$w2021-01-12$yTYPE_UNK$OKoopman
=999  \\$c11740$d11740
=648  \0$a17th Century (1601-1700)$1http://www.wikidata.org/entity/Q7016$920923
=650  \0$aMusic history$1http://www.wikidata.org/entity/Q846047$921373
=942  \\$cBOO

