=LDR  01119nam a2200253 a 4500
=001  11757
=005  20250120120203.0
=008  880823s1988\\\\ne\a\\\\\b\\\\000\0\dut\\
=020  \\$a906707182X
=040  \\$aOI
=245  00$aVroomheid op de Oudezijds :$bdrie Nicolaaskerken in Amsterdam /$c[redactie, Marco Blokhuis ... et al.].
=260  \\$aAmsterdam :$bBataafsche Leeuw,$cc1988.
=300  \\$a126 p. :$bill. (some col.) ;$c30 cm.
=504  \\$aIncludes bibliographical references.
=650  \0$aArchitecture$1http://www.wikidata.org/entity/Q12271$93185
=650  \0$aChurch$1http://www.wikidata.org/entity/Q16970$93776
=651  \0$aGermany$9189
=610  \0$aOns' Lieve Heer op Solder (Amsterdam, Netherlands)$1http://www.wikidata.org/entity/Q493160$91612
=610  \0$aOude Kerk (Amsterdam, Netherlands)$1http://www.wikidata.org/entity/Q623558$91613
=610  \0$aSint Nicolaaskerk (Amsterdam, Netherlands)$91614
=700  \\$aBlokhuis, Marco$914589
=942  \\$cBOO
=952  \\$00$10$40$70$911740$aORPH$bORPH$cLOC_UNK$d2021-01-12$l0$p20127759$r2021-01-12 00:00:00$w2021-01-12$yTYPE_UNK$OKoopman
=999  \\$c11757$d11757

