=LDR  00595aam a2200157   4500
=001  11772
=008  230414s1985\\\\|||a||||\||||\00|\0\ita\d
=041  \\$aita
=245  \\$aCremona:$bGuida alla visita della citta'
=260  \\$c1985$bSoncino
=300  \\$a141 pages
=650  \0$aTravel$1http://www.wikidata.org/entity/Q61509$94440
=651  \0$1http://www.wikidata.org/entity/Q6231$aCremona (Italy)$924914
=942  \\$cBOO
=952  \\$00$10$2ddc$40$6TOP_IT_CRE_7_000000000000000$70$8TOP$911755$aORPH$bORPH$cKTS0$d2021-01-12$l0$oTOP IT.CRE 7$p20125000$r2021-01-12 00:00:00$w2021-01-12$yBOO$OKoopman
=999  \\$d11772

