=LDR  00337    a2200097   4500
=001  11797
=245  \\$aCatalogus van de kunstveiling 301A
=260  \\$c1979
=942  \\$cBOO
=952  \\$00$10$2ddc$40$6VIS_GLER$70$8VIS$911780$aORPH$bORPH$cKTS1_H$d2021-01-12$eKoopman$i18D24$l0$oVIS GLER$p20125049$r2021-01-12 00:00:00$w2021-01-12$yBOO$OKoopman
=999  \\$c11797$d11797

