=LDR  01268aam a2200277   4500
=001  11809
=005  20251003085458.0
=008  250514s1972\\\\|||af|||\bc||\001\0\spa\d
=041  \\$aspa
=245  \\$aLa música en el Museo del Prado
=260  \\$c1972$aMadrid$bPatronato Nacional de Museos
=300  \\$a308 pages   $bfolded pages
=490  \\$aArte de Espana
=610  \0$aMuseo del Prado (Madrid, Spain)$1http://www.wikidata.org/entity/Q160112$91626
=650  \0$aIconography$1http://www.wikidata.org/entity/Q208145$921259
=650  \0$aFine art$1http://www.wikidata.org/entity/Q219625$921579
=650  \0$aMusic history$1http://www.wikidata.org/entity/Q846047$921373
=650  \0$aCatalogue$1http://www.wikidata.org/entity/Q2352616$1http://www.wikidata.org/entity/Q6941730$921484
=650  \0$aMuseum$1http://www.wikidata.org/entity/Q33506$93137
=650  \0$aMusical Instrument$940212
=651  \0$aMadrid (Spain)$1http://www.wikidata.org/entity/Q2807$924677
=700  \\$aSopena Ibanez, Federico$4aut$940210
=700  \\$aGallego Gallego, Antonio$4aut$940211
=942  \\$cBOO
=952  \\$00$10$2ddc$40$6TOP_ES_MAD$70$8TOP$911792$aORPH$bORPH$cKTS0$d2021-01-12$eKoopman$i18F21$l0$oTOP ES.MAD$p20127779$r2021-01-12 00:00:00$w2021-01-12$yBOO$OKoopman
=999  \\$d11809

