=LDR  00647    a2200169   4500
=001  11812
=008  210311b\\\\\\\\be\|||||\||||\00|\0\eng\d
=041  \\$adut
=100  \\$aVellekoop, Kees$d1940-2002$4edt$eEditor$1http://www.wikidata.org/entity/Q16912253$914938
=245  \\$aTempo in de negentiende eeuw
=260  \\$c1985$aUtrecht$bStimu
=300  \\$a98 pages
=700  \\$aTalsma, Willem Retze$914340
=700  \\$aGleich, Clemens von$911147
=942  \\$cBOO
=952  \\$00$10$2ddc$40$6MTP_2_000000000000000_VELL$70$8MTP$911795$aORPH$bORPH$cKM12_1$d2021-01-12$eKoopman$i19A29$l0$oMTP2 VELL$p20125146$r2021-01-12 00:00:00$w2021-01-12$yBOO
=999  \\$c11812$d11812

