=LDR  00735    a2200181   4500
=001  11813
=008  210311b\\\\\\\\be\|||||\||||\00|\0\eng\d
=041  \\$adut
=100  \\$aVellekoop, Kees$d1940-2002$4edt$eEditor$1http://www.wikidata.org/entity/Q16912253$914938
=245  \\$aTempo in de achttiende eeuw
=260  \\$c1984$aUtrecht$bStimu
=300  \\$a59 pages
=700  \\$aL'Affilard, Michel$dc. 1656-1708$1http://www.wikidata.org/entity/Q23418853$95992
=700  \\$aBiezen, Jan van$99615
=700  \\$aHeijdemann, Frans$920941
=942  \\$cBOO
=952  \\$00$10$2ddc$40$6MTP_2_000000000000000_VELL$70$8MTP$911796$aORPH$bORPH$cKM12_1$d2021-01-12$eKoopman$i19A30$l0$oMTP2 VELL$p20125145$r2021-01-12 00:00:00$w2021-01-12$yBOO
=999  \\$c11813$d11813

