=LDR  00770aam a2200169   4500
=001  11818
=008  250318s1952\\\\||||||||\||||\00|\0dger\d
=245  \\$aBeiträge zur Musikgeschichte der Stadt Düsseldorf
=260  \\$c1952$aCologne$bIm Staufen
=300  \\$a63 pages
=490  \\$aBeiträge zur Rheinischen Musikgeschichte$v1
=650  \0$aMusic history$1http://www.wikidata.org/entity/Q846047$921373
=651  \0$aDüsseldorf (Germany)$1http://www.wikidata.org/entity/Q1718$927574
=700  \\$aFellerer, Karl Gustav$d1902-1984$1http://www.wikidata.org/entity/Q102481$4edt$910833
=942  \\$cBOO
=952  \\$00$10$2ddc$40$6TOP_DE_DUS$70$8TOP$911801$aORPH$bORPH$cKTS0$d2021-01-12$eKoopman$i19B12$l0$oTOP DE.DUS$p20125108$r2021-01-12 00:00:00$w2021-01-12$yBOO$OKoopman
=999  \\$d11818

