=LDR  03264cam a2200385 a 4500
=001  11825
=008  811202s1983\\\\\\\gac\\\b\\\\001\0\eng\\
=041  \\$aeng
=100  \\$4dte$aCudworth, Charles$d1908-1977$1http://www.wikidata.org/entity/Q18670940$914620
=245  00$aMusic in Eighteenth-Century England:$bEssays in Memory of Charles Cudworth
=260  \\$aCambridge$aNew York$bCambridge University Press$c1983
=300  \\$axviii, 265 pages
=505  0\$aThe beginnings of provincial concert life in England / Michael Tilmouth -- Thomas Tudway's History of music / Christopher Hogwood -- Purcellian passages in the compositions on G.F. Handel / Franklin B. Zimmerman -- "Or rather our musical Shakespeare" : Charles Burney's Purcell / Richard Luckett -- Walsh's editions of Handel's opera 1-5 : the texts and their sources / Donald Burrows -- The recovery of Handel's operas / Winton Dean -- Intellectual contexts of Handel's English oratorios / Ruth Smith -- Handel's successor : notes on John Christopher Smith the younger / Alfred Mann -- The late additions to Handel's oratorios and the role of the younger Smith / Anthony Hicks -- Handel's harpsichord music : a checklist / Terence Best -- New light on the libretto of The creation / Nicholas Temperley -- The English symphony : some additions and annotations to Charles Cudworth's published studies / Jan LaRue -- Thematic index of English symphonies / Charles Cudworth and Jan LaRue -- A bibliography of the writings of Charles Cudworth / Richard Andrewes.
=600  \0$aPurcell, Henry$d1659-1695$1http://www.wikidata.org/entity/Q9695$95840
=600  \0$aWalsh, John$d1665/66-1736$1http://www.wikidata.org/entity/Q1702092$923166
=600  \0$aHandel, George Frideric$d1685-1759$1http://www.wikidata.org/entity/Q7302$94765
=600  \0$aBurney, Charles$d1726-1814$1http://www.wikidata.org/entity/Q547002$910020
=600  \0$aSmith, John Christopher$d1683-1763$1http://www.wikidata.org/entity/Q11727869$910324
=648  \0$a18th Century (1701-1800)$1http://www.wikidata.org/entity/Q7015$920899
=650  \0$aMusic history$1http://www.wikidata.org/entity/Q846047$921373
=650  \0$aHarpsichord$1http://www.wikidata.org/entity/Q81982$92125
=650  \0$aKeyboard music$1http://www.wikidata.org/entity/Q105715630$921412
=650  \0$aOpera$1http://www.wikidata.org/entity/Q1344$92468
=650  \0$aSymphony$1http://www.wikidata.org/entity/Q9734$92527
=650  \0$aOratorio$1http://www.wikidata.org/entity/Q85477$91825
=650  \0$aMusic printing$1http://www.wikidata.org/entity/Q64416036$94007
=650  \0$aConcert$1http://www.wikidata.org/entity/Q182832$921044
=651  \0$aUnited Kingdom$1http://www.wikidata.org/entity/Q21$9273
=700  \\$aHogwood, Christopher$d1941-2014$4edt$1http://www.wikidata.org/entity/Q435198$918287
=700  \\$aLuckett, Richard$d1945-$4edt$914621
=856  \\$uhttp://www.loc.gov/catdir/enhancements/fy0838/81021612-d.html$3Publisher description
=856  \\$uhttp://www.loc.gov/catdir/enhancements/fy0838/81021612-t.html$3Table of contents only
=942  \\$cBOO
=952  \\$00$10$2ddc$40$6TOP_GB_5_000000000000000$70$8TOP$911808$aORPH$bORPH$cKTS0$d2021-01-12$eKoopman$i19D10$l0$oTOP GB 5$p20127863$r2021-01-12 00:00:00$w2021-01-12$yBOO
=999  \\$d11825

