=LDR  00936cam a2200241 a 4500
=001  11828
=005  20250120120218.0
=008  810319s1980\\\\ne\a\\\\\b\\\\001\0\dut\\
=015  \\$aNe***
=020  \\$a9060112466 :$cfl 36.00
=040  \\$aOI
=245  00$aWederdopers, menisten, doopsgezinden in Nederland 1530-1980 /$conder red. van S. Groenveld, J.P. Jacobszoon, S.L. Verheus.
=260  \\$aZutphen :$bWalburg Pers,$cc1980.
=300  \\$a288 p. :$bill. ;$c26 cm.
=504  \\$aBibliography: p. 277-282.
=650  \0$aAnabaptism$1http://www.wikidata.org/entity/Q165580$94085
=700  \\$aGroenveld, Simon$911279
=700  \\$aJacobszoon, J. P.$914624
=700  \\$aVerheus, Simon Leendert,$d-1924$914625
=942  \\$cBOO
=952  \\$00$10$40$70$911811$aORPH$bORPH$cLOC_UNK$d2021-01-12$l0$p20125289$r2021-01-12 00:00:00$w2021-01-12$yTYPE_UNK$OKoopman
=999  \\$c11828$d11828
=651  \0$aNetherlands$1http://www.wikidata.org/entity/Q55$9173

