=LDR  00287    a2200097   4500
=001  11830
=245  \\$aMiscellanea Trajectensia
=260  \\$c1962
=942  \\$cBOO
=952  \\$00$10$40$70$911813$aORPH$bORPH$cLOC_UNK$d2021-01-12$l0$p20125285$r2021-01-12 00:00:00$w2021-01-12$yTYPE_UNK$OKoopman
=999  \\$c11830$d11830

