=LDR  02426aam a2200277   4500
=001  11835
=005  20251016100056.0
=008  251016s1996\\\\|||aco||\||||\00|\0\mul\d
=022  \\$a0914-3947
=041  \\$aeng$ajpn
=245  \\$aBridge Between Japan and the Netherlands$nVol. 11
=260  \\$c1996$aOsaka$bJapan-Netherlands Society of the Kansai
=300  \\$a404 pages
=505  \\$gCompliments -- Lectures and Speeches -- Two Cultures Japanese Managers Face / Jeanette A. Taudin Chabot -- How Social Security in the Netherlands Cares for People in Need / A. A. J. Millenaar -- Japanese and Dutch Views of the Trades as Seen in the History of Cultural Exchange / Minoru Ueda -- Japan Studies at the University of Leiden / Jeroen Lamers -- Revival of the Baroque Music in the Netherlands between 1960 and 1990 / Ton Koopman -- Japan-Netherlands Medical Science in the Late 17th Century - A Contribution of Sanshin Hara / Shizu Sakai -- The Netherlands and the Far East: Some Personal Observations / Roland van den Berg -- Design for Public Institutions in the Netherlands / Shigeru Watano -- Children of Expatriates / I. A. van Bercckelaer-Onnes -- From my Experience of Helping Establish a Firm in the Netherlands / Kenzo Tatsuuma -- The Role of Anatomy in the Acceptance of Western Knowledge During the Edo Period / Harmen Beukers -- How Nagasaki's Dejima Was Constructed / Akira Hayashi -- Japan and the Netherlands: Towards Competitiveness / Anneke van Dok-van Weele -- <Demonstration> -- Dutch Flower Arrangement: Classic and Modern Styles
=650  \0$aInfluence$1http://www.wikidata.org/entity/Q1307337$1http://www.wikidata.org/entity/Q16578639$922289
=650  \0$aMusic history$1http://www.wikidata.org/entity/Q846047$921373
=650  \0$aEconomy$1http://www.wikidata.org/entity/Q159810$921625
=650  \0$aSocial science$1http://www.wikidata.org/entity/Q34749$93803
=650  \0$aEducation$1http://www.wikidata.org/entity/Q8434$926206
=651  \0$aJapan$1http://www.wikidata.org/entity/Q17$921369
=651  \0$aNetherlands$1http://www.wikidata.org/entity/Q55$1http://www.wikidata.org/entity/Q29999$9173
=700  1\$aIshihara, Susumu$d1951-$4edt$941596
=700  \\$aFukagawa, Yasuhiro$4edt$941597
=942  \\$cBOO
=952  \\$00$10$2ddc$40$6TOP_JP_7_000000000000000$70$8TOP$911818$aORPH$bORPH$cKTS0$d2021-01-12$eKoopman$i19F19$l0$oTOP JP 7$p20125253$r2021-01-12 00:00:00$w2021-01-12$yBOO$OKoopman
=999  \\$d11835

