=LDR  00521    a2200133   4500
=001  11837
=041  \\$adut
=100  \\$aVerberk-Kruijswijk, Marita$4edt$920997
=245  \\$aEnquête-Rapport over de studie in de muziekwetenschap
=260  \\$c1973$aAmsterdam$aUtrecht$bInstituut voor Muziekwetenschap
=300  \\$a154 pages
=942  \\$cBOO
=952  \\$00$10$2ddc$40$6MTP_3_000000000000000_VERB$70$8MTP$911820$aORPH$bORPH$cKM12_1$d2021-01-12$eKoopman$i19F46$l0$oMTP3 VERB$p20125226$r2021-01-12 00:00:00$w2021-01-12$yBOO
=999  \\$c11837$d11837

