=LDR  01001nam a2200229 a 4500
=001  11842
=005  20250120115950.0
=008  871224s1986\\\\ne\a\\\\\bc\\f000\0\dut\\
=020  \\$a9012053560
=040  \\$aOI
=245  00$aKetters en papen onder Filips II :$bhet godsdienstig leven in de tweede helft van de 16de eeuw /$cRijksmuseum Het Catharineconvent.
=250  \\$a[2e en verbeterde druk].
=260  \\$a[The Hague :$bStaatsuitgeverij,$c1986]
=300  \\$a184 p. :$bill. ;$c30 cm.
=504  \\$aIncludes bibliographies.
=651  \0$aNetherlands$1http://www.wikidata.org/entity/Q55$9173
=600  \0$aFelipe II$cKing of Spain$d1527-1598$1http://www.wikidata.org/entity/Q34417$914637
=710  \\$aMuseum Catharijneconvent (Utrecht, Netherlands)$1http://www.wikidata.org/entity/Q1954426$91280
=942  \\$cBOO
=952  \\$00$10$40$70$911825$aORPH$bORPH$cLOC_UNK$d2021-01-12$l0$p20125196$r2021-01-12 00:00:00$w2021-01-12$yTYPE_UNK$OKoopman
=999  \\$c11842$d11842
=490  \\$aDe Eeuw van de beeldenstorm

