=LDR  01139cam a2200253 a 4500
=001  11843
=005  20250120120038.0
=008  881104s1986\\\\ne\a\\\\\bc\\f000\0\dut\\
=020  \\$a9012052114
=040  \\$aOI
=245  00$aKunst voor de beeldenstorm :$bNoordnederlandse kunst 1525-1580 : catalogus /$credactie, J.P. Filedt Kok, W. Halsema-Kubes, W. Th. Kloek ; met inleidingen door B. Dubbe ... [et al. ; vertalingen, J. Engelsman en P. Wardle].
=260  \\$a's-Gravenhage :$bStaatsuitgeverij,$c1986.
=300  \\$a495 p. :$bill. ;$c30 cm.
=504  \\$aBibliography: p. 465-485.
=650  \0$aFine art$1http://www.wikidata.org/entity/Q219625$921579
=700  \\$aFiledt Kok, J. P.$914638
=700  \\$aHalsema-Kubes, Willy$912053
=700  \\$aKloek, W. Th.$912052
=710  \\$aRijksmuseum (Amsterdam, Netherlands)$1http://www.wikidata.org/entity/Q190804$91244
=942  \\$cBOO
=952  \\$00$10$40$70$911826$aORPH$bORPH$cLOC_UNK$d2021-01-12$l0$p20125193$r2021-01-12 00:00:00$w2021-01-12$yTYPE_UNK$OKoopman
=999  \\$c11843$d11843
=490  \\$aDe Eeuw van de beeldenstorm
=651  \0$aNetherlands$1http://www.wikidata.org/entity/Q55$9173

