=LDR  03536aam a2200661   4500
=001  11852
=005  20251003085458.0
=008  220922s1976\\\\|||a||||\c|||\00|\0\dut\d
=020  \\$a9022840468
=041  \\$adut
=100  \\$4edt$aThiel, P. J. J. van$914381
=245  \\$aAlle schilderijen van het Rijksmuseum te Amsterdam
=260  \\$aAmsterdam$bRijksmuseum$aHaarlem$bde Haan$c1976
=610  \0$aRijksmuseum (Amsterdam, Netherlands)$1http://www.wikidata.org/entity/Q190804$91244
=650  \0$aFine art$1http://www.wikidata.org/entity/Q219625$921579
=650  \0$aCatalogue$1http://www.wikidata.org/entity/Q2352616$921484
=651  \0$aAmsterdam (Netherlands)$1http://www.wikidata.org/entity/Q727$9135
=653  \0$a??$3388, 515$020128045$w20A12$928331
=653  \0$aAlgarotti, F.$3792$020128045$w20A12$928594
=653  \0$abibliotheek$3326$020128045$w20A12$929548
=653  \0$ablokfluit$3119, 168, 228, 285, 309, 523?, 600?$020128045$w20A12$929645
=653  \0$aboekhandel$3306, 432, 454, 729, 733, 781$020128045$w20A12$929693
=653  \0$acello$3141, 162?, 232?, 455, 462?, 547$020128045$w20A12$930344
=653  \0$adansen$379, 111, 165, 679$020128045$w20A12$930928
=653  \0$adichteres$3731$020128045$w20A12$931056
=653  \0$adoedelzak$379, 402, 423, 521$020128045$w20A12$931125
=653  \0$adraailier$3206$020128045$w20A12$931190
=653  \0$apianoforte$3327$020128045$w20A12$935944
=653  \0$adwarsfluit$3462, 548$020128045$w20A12$931340
=653  \0$apoppenhuis$386$020128045$w20A12$936081
=653  \0$agamba$3232?, 263, 331, 351, 462?, 534, 570, 909$020128045$w20A12$931995
=653  \0$agitaar$3399, 543$020128045$w20A12$932207
=653  \0$atrompet$3205$020128045$w20A12$937194
=653  \0$aharp$3909$020128045$w20A12$932582
=653  \0$aviool$3152, 168, 169, 207, 232, 285, 305, 339, 429, 438, 462$020128045$w20A12$937605
=653  \0$aVos, J.$3731$020128045$w20A12$937771
=653  \0$aklavecimbel_Nederland, 17e eeuw$3361, 391, 534$020128045$w20A12$933505
=653  \0$aluit$3136, 141, 159, 168, 170, 220, 232, 255, 257, 263, 331, 346, 351, 455, 517, 523, 540, 567, 650, 777$020128045$w20A12$934262
=653  \0$aslagwerk$3119, 434, 470, 535, 829$020128045$w20A12$939152
=653  \0$ameer benutten zelfde partituur$3136, 152, 331?$020128045$w20A12$934589
=653  \\$abeschilderde orgelluiken$3491, 531$020128045$w20A12$929489
=653  \\$aBidlo, G.$3734$020128045$w20A12$929554
=653  \\$acittern/cister$3374, 572$020128045$w20A12$930493
=653  \\$ahobo/schalmei$3523?$020128045$w20A12$932810
=653  \\$ahoorn$3314$020128045$w20A12$932928
=653  \\$aklavecimbel_Italië, 16e eeuw$3619$020128045$w20A12$933497
=653  \\$aklavecimbel_Nederland, 18e eeuw$3547$020128045$w20A12$933506
=653  \\$aklavecimbel_Vlaanderen, 16e eeuw$3620$933519$020128045$w20A12
=653  \\$aklavecimbel_Vlaanderen, 18e eeuw$3290$933520$020128045$w20A12
=653  \\$aklavecimbeldeksel$3392, 504, 559$020128045$w20A12$933533
=653  \\$aLiberti, H.$3210$020128045$w20A12$934089
=653  \\$aStaging$3547, 548, 799$020128045$w20A12$922118
=653  \\$aMusscher, M. v.$3403$020128045$w20A12$934982
=653  \\$aorgels_Nederland$3112, 120?, 611, 612, 807, 808$935595$020128045$w20A12
=653  \\$aschilderkistje$3182$020128045$w20A12$938864
=942  \\$cBOO
=952  \\$00$10$2ddc$40$6VIS_THIE$70$8VIS$911835$aORPH$bORPH$cKTS1_H$d2021-01-12$eKoopman$i20A12$l0$oVIS THIE$p20128045$r2021-01-12 00:00:00$w2021-01-12$yBOO$OKoopman
=999  \\$d11852

