=LDR  00460aam a2200121   4500
=001  11862
=008  220922s1992\\\\||||||||\||||\00|\0\\\\\d
=020  \\$a9069180758
=245  \\$aArs musica agenda
=260  \\$aRotterdam$bMuseum Boymans-van Beuningen$c1992
=942  \\$cBOO
=952  \\$00$10$2ddc$40$6VIS_KALE_1992_000000000000000$70$8VIS$911845$aORPH$bORPH$cKTS1_H$d2021-01-12$eKoopman$i20C11$l0$oVIS KALE 1992$p20128101$r2021-01-12 00:00:00$w2021-01-12$yBOO$OKoopman
=999  \\$d11862

