=LDR  01514aam a2200265   4500
=001  11866
=008  250331s1956\\\\|||go|||\||||\01|\0dger\d
=041  \\$ager
=245  \\$aStudien zur Musikgeschichte des Rheinlandes I
=260  \\$c1956$aCologne$bArno Volk
=300  \\$aviii-155-[2] pages
=490  \\$aBeiträge zur rheinishen Musikgeschichte$vHeft 20
=590  \\$aFestschrift zum 80. Geburtstag von Ludwig Schiedermair. In Verbindung mit der Arbeitsgemeinschaft für rheinische Musikgeschuchte und dem Verein Beethovenhaus, Bonn
=600  \0$aSchiedermair, Ludwig$d1876-1957$1http://www.wikidata.org/entity/Q98675$939988
=648  \0$aPast$1http://www.wikidata.org/entity/Q192630$922196
=650  \0$aMusic history$1http://www.wikidata.org/entity/Q846047$921373
=651  \0$aRhineland-Palatinate (Germany)$1http://www.wikidata.org/entity/Q1200$922804
=651  \0$aNorth Rhine-Westphalia (Germany)$1http://www.wikidata.org/entity/Q1198$923645
=651  \0$aHesse (Germany)$1http://www.wikidata.org/entity/Q1199$922806
=700  \\$aKahl, Willi$d1893-1962$1http://www.wikidata.org/entity/Q19960006$4edt$911923
=700  \\$aLemacher, Heinrich$d1891-1966$1http://www.wikidata.org/entity/Q1598163$4edt$939987
=700  \\$aSchmidt-Görg, Joseph$d1897-1981$1http://www.wikidata.org/entity/Q1707974$4edt$913896
=942  \\$cBOO
=952  \\$00$10$2ddc$40$6TOP_DE_RHI$70$8TOP$911849$aORPH$bORPH$cKTS0$d2021-01-12$eKoopman$i20C41$l0$oTOP DE.RHI$p20128072$r2021-01-12 00:00:00$w2021-01-12$yBOO$OKoopman
=999  \\$d11866

