=LDR  01568aam a2200217   4500
=001  11868
=005  20251030144332.0
=008  251027s1977\\\\|||ago||\||||\00|\0\eng\d
=041  \\$aeng
=100  1\$aMačák, Ivan$d1935-$4edt$941702
=245  \\$aSources of Slovak Music
=260  \\$c1977$aBratislava$bSlovak National Museum
=300  \\$a155 pages
=505  \\$gSlovak music: the historical background / Ladislav Mokrý -- The oldest written music / Richard Rybarič -- Secular music in the middle ages / Ivan Mačák -- Records of polyphonic music / Richard Rybarič -- Religious songs / L'udovit Vajdička -- Music printing / L'udovit Vajdička -- Folk elements in baroque music / L'uba Ballová -- A topography of music in the classical era / Darina Múdra -- Musical composition in the classical era / Darina Múdra -- European musical personalities and Slovakia / L'uba Ballová -- The beginnings of national music / Viera Zitná -- Musical education / L'udovit Vajdička, Vladimir Cizik -- Musical instruments / Ivan Mačák -- Developments after 1918 / Vladimir Cizik -- Index of names
=650  \0$aMusic history$1http://www.wikidata.org/entity/Q846047$921373
=650  \0$aCultural history$1http://www.wikidata.org/entity/Q858517$922395
=651  \0$aSlovakia$1http://www.wikidata.org/entity/Q214$925682
=700  1\$aTrebatická, Heather$4trl$941703
=942  \\$cBOO
=952  \\$00$10$2ddc$40$6TOP_SK_0_000000000000000$70$8TOP$911851$aORPH$bORPH$cKTS0$d2021-01-12$eKoopman$i20D17$l0$oTOP SK 0$p20125321$r2021-01-12 00:00:00$w2021-01-12$yBOO$OKoopman
=999  \\$d11868

