=LDR  01919aam a2200301   4500
=001  11875
=008  210812s1911\\\\||||||||\||||\00|\0\fre\d
=041  \\$afre
=100  \\$4edt$aChantavoine, Jean$d1877-1952$1http://www.wikidata.org/entity/Q1059734$910181
=245  \\$aL'Année musicale
=260  \\$c1911
=505  \\$aContribution à l'histoire de la symphonie française vers 1750 -- Deux traductions françaises inédites des Institutions harmoniques de Zarlino -- Un mélomane au XVIIIe siècle : le Baron de Bagge et son temps 1718-1791 -- Lullistes et ramistes 1733-1752 -- La musique de chambre et de l'écurie sous le règne de François Ier
=600  \0$aZarlino, Gioseffo$d1517-1590$1http://www.wikidata.org/entity/Q365805$916065
=648  \0$a16th Century (1501-1600)$1http://www.wikidata.org/entity/Q7017$920944
=648  \0$a17th Century (1601-1700)$1http://www.wikidata.org/entity/Q7016$920923
=648  \0$a18th Century (1701-1800)$1http://www.wikidata.org/entity/Q7015$920899
=650  \0$aSymphony$1http://www.wikidata.org/entity/Q9734$92527
=650  \0$aMusic history$1http://www.wikidata.org/entity/Q846047$921373
=650  \0$aMusic theory$1http://www.wikidata.org/entity/Q193544$92662
=700  \\$4ctb$aLa Laurencie, Lionel de$d1861-1933$1http://www.wikidata.org/entity/Q3241967$97116
=700  \\$4ctb$aSaint-Foix, Georges de$d1874-1954$1http://www.wikidata.org/entity/Q2991033$921999
=700  \\$4ctb$aBrenet, Michel$d1858-1918$1http://www.wikidata.org/entity/Q4939701$99881
=700  \\$4ctb$aMasson, Paul-Marie$922000
=700  \\$4ctb$aPrunières, Henry$d1886-1942$1http://www.wikidata.org/entity/Q3133019$916453
=856  \\$uhttps://gallica.bnf.fr/view3if/ga/ark:/12148/bpt6k69727b$3Gallica
=942  \\$cBOO
=952  \\$00$10$40$6TOP_FR_0_000000000000000$70$8TOP$911858$aORPH$bORPH$cKTS0$d2021-01-12$oTOP FR 0$p20125373$r2021-01-12 00:00:00$w2021-01-12$yBOO$OKoopman
=999  \\$d11875

