=LDR  04009cam a2200493 a 4500
=001  11877
=005  20250930095408.0
=008  920326s1991\\\\au\a\\\\\b\\\\010\0\mul\\
=020  \\$a3900590206 :$cS950.00
=040  \\$aOI
=041  0\$ager$aeng
=100  \\$4dte$aSalmen, Walter$d1926-2013$1http://www.wikidata.org/entity/Q15454344$913760
=245  00$aMusica Privata. Die Rolle der Musik im privaten Leben.$bFestschrift zum 65. Geburtstag von Walter Salmen
=260  \\$aInnsbruck$bEdition Helbling$c1991
=300  \\$a416 pages$bill. ;$c24 cm.
=504  \\$aList of Walter Salmen's publications: p. 397-413. Includes bibliographical references.
=505  \\$gAmong others: Zur soziologischen Semantik von Privatheit und Öffentlichkeit am Beispiel des Musik- und Kunstlebens / Helmut Staubmann -- Die private Kunst und das öffentliche Schicksal von Hermann Poll, dem Erfinder des Cembalos / Reinhard Strohm -- Zur Entwicklung der privaten Musikpflege im alten Zürich: Die Neujahrsblätter der Zürcher Musikgesellschaften als Periodica Musicalia und Quellen zur Musikpraxis / Andres Briner -- "Weihet mit Musik hohe Lebensstunden" - Bemerkungen zur Kleinen Nachtmusik KV. 525 / Gerhard Allroggen -- Musik in der intimité du salon - Pariser Salons des frühen 19. Jahrhunderts als Stätten privaten Musizierens / Rainer Gstrein -- Die Harmoniemusik - Das private Repräsentations- und Vergnügungsensemble des mitteleuropäischen Adels - zwischen Kunst- und gesellschaftlichem Gebrauchswert / Wolfgang Suppan -- Einige Gedanken zu Franz Schuberts poetischer Weltvorstellung / Herbert Zeman -- Außerliturgische Musik im Benediktinerstift Seckau vor dem Ersten Weltkrieg / Barbara Boisits & Rudolf Flotzinger -- Klassizistische Musik in Gotha und der Bibliothekar J. W. Hamberger / Werner Braun -- G. Ph. Telemanns Zyklen VI Moralische Cantaten (TWV 20:23-28 und 29-34) im Urteil J. A. Scheibes / Günter Fleischhauer
=600  10$aPoll, Hermann$d1370-1401$1http://www.wikidata.org/entity/Q3134176$926375
=600  \0$aTelemann, Georg Philipp$d1681-1767$1http://www.wikidata.org/entity/Q75854$99287
=600  \0$aScheibe, Johann Adolph$d1708-1776$1http://www.wikidata.org/entity/Q213705$98967
=600  \0$aMozart, Wolfgang Amadeus$d1756-1791$1http://www.wikidata.org/entity/Q254$95341
=600  \0$aSchubert, Franz$d1797-1828$1http://www.wikidata.org/entity/Q7312$96183
=600  \0$aSchumann, Robert$d1810-1856$1http://www.wikidata.org/entity/Q7351$913977
=600  \0$aWagner, Richard$d1813-1883$1http://www.wikidata.org/entity/Q1511$97120
=610  \0$aBenedictines$1http://www.wikidata.org/entity/Q131132$921364
=610  \0$aStift Seckau (Austria)$1http://www.wikidata.org/entity/Q334274$940328
=648  \0$aMiddle Ages (500-1400)$1http://www.wikidata.org/entity/Q12554$920964
=648  \0$aRenaissance (1400-1600)$1http://www.wikidata.org/entity/Q4692$920965
=648  \0$a18th Century (1701-1800)$1http://www.wikidata.org/entity/Q7015$920899
=648  \0$a19th Century (1801-1900)$1http://www.wikidata.org/entity/Q6955$920935
=650  \0$aDomestic music-making$1http://www.wikidata.org/entity/Q113967375$926204
=650  \0$aMusic history$1http://www.wikidata.org/entity/Q846047$921373
=650  \0$aSociology$1http://www.wikidata.org/entity/Q21201$924938
=650  \0$aNobility$1http://www.wikidata.org/entity/Q134737$93602
=650  \0$aSalon$1http://www.wikidata.org/entity/Q576342$923251
=650  \0$aLibrary$1http://www.wikidata.org/entity/Q7075$94229
=651  \0$aGotha (Germany)$1http://www.wikidata.org/entity/Q6986$921574
=651  \0$aZürich (Switzerland)$1http://www.wikidata.org/entity/Q72$921130
=700  \\$aFink, Monika$4edt$914648
=700  \\$aGstrein, Rainer$4edt$914649
=700  \\$aMössmer, Günter$4edt$914650
=942  \\$cBOO
=952  \\$00$10$2ddc$40$6REF_4_000000000000000_SALM$70$8REF$911860$aORPH$bORPH$cKM12_1$d2021-01-12$eKoopman$i20E29$l1$oREF4 SALM$p20125405$r2025-09-30 12:10:37$s2025-09-10$w2021-01-12$yBOO
=999  \\$d11877

