=LDR  01362cam a2200301 a 4500
=001  11888
=005  20251003085459.0
=008  971013s1997\\\\sa\a\\\\\bc\\\001\0\eng\d
=010  \\$a   97212716 
=020  \\$a9040098727
=035  \\$a(OCoLC)37773594
=040  \\$aMNS$cMNS$dDLC
=042  \\$alccopycat
=043  \\$ae-ne---$ae-be---$af-sa---
=100  \\$aFransen, Hans$4edt$914659
=245  10$aMichaelis Collection:$bthe Old Town House, Cape Town. Catalogue of the Collection of Paintings and Drawings
=260  \\$aZwolle$bWaanders$c1997
=300  \\$a204 pages$billustrations (some color)$c28 cm
=504  \\$aIncludes bibliographical references (p. 192-197) and index.
=590  \\$acompiled by Hans Fransen, in collaboration with the Netherlands Institute for Art History, the Hague
=648  \0$a17th Century (1601-1700)$1http://www.wikidata.org/entity/Q7016$920923
=650  \0$aFine art$1http://www.wikidata.org/entity/Q219625$921579
=650  \0$aCatalogue$1http://www.wikidata.org/entity/Q2352616$921484
=651  \0$aNetherlands$1http://www.wikidata.org/entity/Q55$9173
=651  \0$aFlanders (Belgium)$1http://www.wikidata.org/entity/Q234$989
=942  \\$cBOO
=952  \\$00$10$2ddc$40$6VIS_FRAN$70$8VIS$911871$aORPH$bORPH$cKTS1_H$d2021-01-12$eKoopman$i20G04$l0$oVIS FRAN$p20128184$r2021-01-12 00:00:00$w2021-01-12$yBOO$OKoopman
=999  \\$d11888

