=LDR  00859aam a2200193   4500
=001  11898
=005  20250925143259.0
=008  250528s1968\\\\||||||||\||||\00|\0\eng\d
=041  \\$aeng
=245  \\$aMidsummer Serenades:$bA Mozart and Haydn Festival
=260  \\$aNew York, NY$bBlanchard Press$c1968
=600  \0$aHaydn, Joseph$d1732-1809$1http://www.wikidata.org/entity/Q7349$94783
=600  \0$aMozart, Wolfgang Amadeus$d1756-1791$1http://www.wikidata.org/entity/Q254$95341
=648  \0$a20th Century (1901-2000)$1http://www.wikidata.org/entity/Q6927$920936
=650  \0$aFestival book$1http://www.wikidata.org/entity/Q17590416$922319
=651  \0$aNew York City (USA)$1http://www.wikidata.org/entity/Q60$959
=942  \\$cBOO
=952  \\$00$10$40$70$911881$aORPH$bORPH$cLOC_UNK$d2021-01-12$l0$p20128330$r2021-01-12 00:00:00$w2021-01-12$yTYPE_UNK$OKoopman
=999  \\$d11898

