=LDR  00270    a2200097   4500
=001  11904
=245  \\$aFMR n.2
=260  \\$c1982
=942  \\$cBOO
=952  \\$00$10$40$70$911887$aORPH$bORPH$cLOC_UNK$d2021-01-12$l0$p20128314$r2021-01-12 00:00:00$w2021-01-12$yTYPE_UNK$OKoopman
=999  \\$c11904$d11904

