=LDR  01157cam a2200277 a 4500
=001  11905
=005  20250120120219.0
=008  990414s1997\\\\gw\ag\\\\b\\\\011\0\mul\d
=010  \\$a   99196697 
=020  \\$a3875490649
=040  \\$aHMU$cHMU$dOHX$dORU$dDLC
=041  0\$ager$aeng$aita
=100  \\$4dte$aMoeck, Hermann$d1922-2010$914670
=245  00$aSine musica nulla vita.$bFestschrift Hermann Moeck, zum 75. Geburtstag am 16. September 1997
=260  \\$aCelle$bMoeck$c1997
=300  \\$a431 pages$bill., music$c27 cm.
=504  \\$a"Bibliographie Hermann Moeck": p. 403-420.
=504  \\$aIncludes bibliographical references and index.
=546  \\$aGerman, English and Italian.
=650  \0$aFlute$1http://www.wikidata.org/entity/Q11405$921276
=650  \0$aWoodwind instrument$1http://www.wikidata.org/entity/Q181247$94119
=650  \0$aMusic history$1http://www.wikidata.org/entity/Q846047$921373
=700  \\$aDelius, Nikolaus$4edt$914671
=942  \\$cBOO
=952  \\$00$10$2ddc$40$6REF_4_000000000000000_MOEC$70$8REF$911888$aORPH$bORPH$cKM12_1$d2021-01-12$eKoopman$i21A32$oREF4 MOEC$p20128312$r2021-01-12 00:00:00$w2021-01-12$yBOO
=999  \\$d11905

