=LDR  00550aam a2200157   4500
=001  11911
=008  230524s1964\\\\||||||||\||||\00|\0\ger\d
=041  \\$ager
=100  \\$1http://www.wikidata.org/entity/Q2547492$4edt$aVetter, Walther$d1891-1967$915263
=245  \\$aDeutsches Jahrbuch der Musikwissenschaft für 1963
=260  \\$c1964$aLeipzig$bPeters
=300  \\$a122 pages
=490  \\$vAchter Jahrgang
=942  \\$cBOO
=952  \\$00$10$40$70$911894$aORPH$bORPH$cLOC_UNK$d2021-01-12$l0$p20128356$r2021-01-12 00:00:00$w2021-01-12$yTYPE_UNK$OKoopman
=999  \\$d11911

