=LDR  01371cam a2200301 a 4500
=001  11913
=005  20250120120219.0
=008  981214s1998\\\\sz\ac\\\\bc\\\001\0\ger\d
=010  \\$a   98231075 
=020  \\$a3720401138 (Museum)
=020  \\$a3775707549 (Verlag)
=035  \\$a(CStRLIN)MOSA98-B1988
=040  \\$aDSI-HMS$cDSI-HMS$dMoSR$dDLC
=042  \\$alccopycat
=245  04$aEin Haus für den Kubismus :$bdie Sammlung Raoul La Roche : Picasso, Braque, Léger, Gris - Le Corbusier und Ozenfant /$cherausgegeben von Katharina Schmidt und Hartwig Fischer ; mit Beitägen von Tim Benton ... [et al.].
=260  \\$aBasel :$bKunstmuseum ;$aOstfildern-Ruit :$bHatje,$cc1998.
=300  \\$a319 p. :$bill. (some col.), ports. ;$c29 cm.
=504  \\$aIncludes bibliographical references and index.
=650  \0$aCrumhorn$1http://www.wikidata.org/entity/Q930367$94121
=600  \0$aLa Roche, Raoul$d1889-1965$914676
=650  \0$aFine art$1http://www.wikidata.org/entity/Q219625$921579
=700  \\$aLa Roche, Raoul$d1889-1965$914676
=700  \\$aSchmidt, Katharina$914677
=700  \\$aFischer, Hartwig$914678
=710  \\$aKunstmuseum Basel (Switzerland)$1http://www.wikidata.org/entity/Q194626$91640
=942  \\$cBOO
=952  \\$00$10$40$70$911896$aORPH$bORPH$cLOC_UNK$d2021-01-12$l0$p20128353$r2021-01-12 00:00:00$w2021-01-12$yTYPE_UNK$OKoopman
=999  \\$c11913$d11913

