=LDR  00304    a2200109   4500
=001  11923
=020  \\$a9061250242
=245  \\$aScripta manent
=260  \\$c1997
=942  \\$cBOO
=952  \\$00$10$40$70$911906$aORPH$bORPH$cLOC_UNK$d2021-01-12$l0$p20128242$r2021-01-12 00:00:00$w2021-01-12$yTYPE_UNK$OKoopman
=999  \\$c11923$d11923

