=LDR  01490nam a2200277 a 4500
=001  11924
=008  961017s1996\\\\\\\g\\\\\\\\\\100\e\mul\d
=041  0\$ager$aita
=100  \\$aKonold, Wulf$1http://www.wikidata.org/entity/Q1466445$4edt$914682
=245  00$aDeutsch-italienische Musikbeziehungen.$bDeutsche und italienische Instrumentalmusik 1600-1750. Referate des wissenschaftlichen Symposions im Rahmen der Internationalen Orgelwoche Nürnberg 1984
=246  30$aDeutsche und italienische Instrumentalmusik 1600-1750
=260  \\$aMünchen$bKatzbichler$c1996
=300  \\$a279 pages
=490  \\$aMusik ohne Grenzen$vBd. 3
=504  \\$aIncludes bibliographical references.
=546  \\$aIn German and Italian.
=648  \0$a17th Century (1601-1700)$1http://www.wikidata.org/entity/Q7016$920923
=648  \0$a18th Century (1701-1800)$1http://www.wikidata.org/entity/Q7015$920899
=650  \0$aInstrumental music$1http://www.wikidata.org/entity/Q639197$92106
=650  \0$aMusic history$1http://www.wikidata.org/entity/Q846047$921373
=650  \0$aInfluence$1http://www.wikidata.org/entity/Q1307337$1http://www.wikidata.org/entity/Q16578639$922289
=651  \0$aGermany$1http://www.wikidata.org/entity/Q183$9155
=651  \0$aItaly$1http://www.wikidata.org/entity/Q38$922
=942  \\$cBOO
=952  \\$00$10$2ddc$40$6TOP_DE_5_000000000000000$70$8TOP$911907$aORPH$bORPH$cKTS0$d2021-01-12$eKoopman$i21C45$l0$oTOP DE 5$p20128241$r2021-01-12 00:00:00$w2021-01-12$yBOO$OKoopman
=999  \\$d11924

