=LDR  00899cam a2200229 a 4500
=001  11955
=005  20250709165228.0
=008  850517s1984\\\\ne\\\\\\\b\\\\001\0\dut\\
=020  \\$a9001805302 :$cfl 30.00
=040  \\$aOI
=245  00$aHistorische letterkunde :$bfacetten van vakbeoefening /$conder redactie van Marijke Spies ; W. van den Berg ... [et al.].
=260  \\$aGroningen :$bWolters-Noordhoff,$cc1984.
=300  \\$a208 p. ;$c24 cm.
=504  \\$aIncludes bibliographies and index.
=650  \0$aLiterature$1http://www.wikidata.org/entity/Q8242$94439
=700  \\$aSpies, Marijke$910978
=700  \\$aBerg, W. van den$914695
=942  \\$cBOO
=952  \\$00$10$40$70$911938$aORPH$bORPH$cLOC_UNK$d2021-01-12$l0$p20125449$r2021-01-12 00:00:00$w2021-01-12$yTYPE_UNK$OKoopman
=999  \\$c11955$d11955
=490  \\$aSpektator cahiers,$v3
=651  \0$aNetherlands$1http://www.wikidata.org/entity/Q55$9173

