=LDR  01406aam a2200217   4500
=001  11958
=008  241125s1979\\\\||||||||\||||\00|\0\ger\d
=041  \\$ager
=110  \\$aSalzburger Museum Carolino Augusteum (Austria)$1http://www.wikidata.org/entity/Q2215920$939236
=245  \\$aSalzburger Museum Carolino Augusteum$bJahresschrift 23-24/1977-1978
=260  \\$c1979$aSalzburg$bSalzburger Museum Carolino Augusteum
=300  \\$a182-72 pages
=505  \\$g[selection, ony the musical articles:]
Kurt Birsak, Gerhard Walterskirchen, Die Orgelinstrumente im Salzburger Museum Carolino Augusteum.
Kurt Birsak, Nachträge und Korrekturen zum Verzeichnis der Blasinstrumente des Salzburger Museums Carolino Augusteum in Jahresschrift 18, 1972, und 22, 1976.
Kurt Birsak, Die Bläsercassation KV C 17.11 ist von Georg Lickl.

=610  \0$aSalzburger Museum Carolino Augusteum (Austria)$1http://www.wikidata.org/entity/Q2215920$939236
=650  \0$aMuseum$1http://www.wikidata.org/entity/Q33506$93137
=650  \0$aOrganology$1http://www.wikidata.org/entity/Q899293$921400
=650  \0$aOrgan$1http://www.wikidata.org/entity/Q1444$92810
=651  \0$aSalzburg (Austria)$1http://www.wikidata.org/entity/Q34713$921433
=942  \\$cBOO
=952  \\$00$10$2ddc$40$6TOP_AT_SAL$70$8TOP$911941$aORPH$bORPH$cKTS0$d2021-01-12$eKoopman$i21E46$l0$oTOP AT.SAL$p20125438$r2021-01-12 00:00:00$w2021-01-12$yBOO$OKoopman
=999  \\$d11958

