=LDR  01172cam a2200289 a 4500
=001  11960
=005  20250120115737.0
=008  960802s1995\\\\it\a\\\\\b\\\\000\0\ita\d
=010  \\$a   96176320 
=020  \\$a8843548166
=035  \\$a(OCoLC)35075283 
=040  \\$aC3L$cC3L$dNN$dDLC
=042  \\$alccopycat
=043  \\$ae-it---
=245  03$aIl Teatro di corte di Caserta :$bstoria e restauro.
=260  \\$a[Napoli] :$bElecta Napoli,$cc1995.
=300  \\$a71 p. :$bill. (some col.) ;$c24 cm.
=500  \\$aAt head of title: Soprintendenza per i beni ambientali, architettonici, artistici e storici per le provincie di Caserta e Benevento.
=504  \\$aIncludes bibliographical references (p. 70-71).
=610  20$aTeatro di corte (Caserta, Italy)
=650  \0$aTheaters$xConservation and restoration$zItaly$zCaserta.
=650  \0$aTheater architecture$zItaly$zCaserta.
=650  \0$aTheaters$zItaly$zCaserta.
=651  \0$aItaly$xBuildings, structures, etc.$1http://www.wikidata.org/entity/Q38$922
=952  \\$00$10$40$70$911943$aORPH$bORPH$cLOC_UNK$d2021-01-12$l0$p20125431$r2021-01-12 00:00:00$w2021-01-12$yTYPE_UNK$OKoopman
=999  \\$c11960$d11960
=942  \\$cBOO

