=LDR  00877    a2200181   4500
=001  11965
=008  210819t1975\\\\\\\|||||\||||\01|\0\ger\d
=020  \\$a3761804202
=100  \\$aSchenk, Erich$d1902-1974$4dte$1http://www.wikidata.org/entity/Q1353138$916230
=245  \\$aDe Ratione in Musica.$bFestschrift Erich Schenk zum 5. Mai 1972
=260  \\$c1975$aKassel$bBärenreiter
=300  \\$a300 pages
=700  \\$4edt$aAntonicek, Theophil$d1937-2014$1http://www.wikidata.org/entity/Q2419040$910730
=700  \\$4edt$aFlotzinger, Rudolf$d1939-$1http://www.wikidata.org/entity/Q115168$99144
=700  \\$4edt$aWessely, Othmar$d1922-1998$1http://www.wikidata.org/entity/Q2036959$917132
=942  \\$cBOO
=952  \\$00$10$2ddc$40$6REF_4_000000000000000_SCHE$70$8REF$911948$aORPH$bORPH$cKM12_1$d2021-01-12$eKoopman$i21F31$oREF4 SCHE$p20125476$r2021-01-12 00:00:00$w2021-01-12$yBOO
=999  \\$d11965

