=LDR  00781aam a2200181   4500
=001  11974
=008  250203s1985\\\\||||||||\||||\00|\0\dut\d
=041  \\$adut
=245  \\$aTot stichtinghe en een Gheestelijcke Vermakinghe
=260  \\$aZeist$bGregorius$c1985
=590  \\$aExpositie Maastricht, 23-31 augustus 1985
=650  \0$aPsalm$1http://www.wikidata.org/entity/Q12497663$92164
=650  \0$aProtestantism$1http://www.wikidata.org/entity/Q23540$921012
=650  \0$aExhibition$1http://www.wikidata.org/entity/Q464980$925353
=651  \0$aNetherlands$1http://www.wikidata.org/entity/Q55$1http://www.wikidata.org/entity/Q29999$9173
=942  \\$cBOO
=952  \\$00$10$40$70$911957$aORPH$bORPH$cLOC_UNK$d2021-01-12$l0$p20125520$r2021-01-12 00:00:00$w2021-01-12$yTYPE_UNK$OKoopman
=999  \\$d11974

