=LDR  00989aam a2200205   4500
=001  11985
=005  20250926134856.0
=008  250227s2000\\\\|||o||||\||||\01|\0\ger\d
=041  \\$ager
=245  \\$aFestschrift zur Wiedereinweihung der Johann-Sebastian-Bach-Kirche zu Arnstadt mit Weihe der Wender- und der Steinmayer-Orgel
=260  \\$c2000$aArnstadt$bKuratorium Bachkirche Arnstadt
=300  \\$a97 pages
=600  \0$aBach, Johann Sebastian$d1685-1750$1http://www.wikidata.org/entity/Q1339$94766
=648  \0$a20th Century (1901-2000)$1http://www.wikidata.org/entity/Q6927$920936
=650  \0$aOrgan$1http://www.wikidata.org/entity/Q1444$92810
=650  \0$aChurch$1http://www.wikidata.org/entity/Q16970$93776
=651  \0$aArnstadt (Germany)$1http://www.wikidata.org/entity/Q490665$922739
=942  \\$cBOO
=952  \\$00$10$2ddc$40$6TOP_DE_ARN2$70$8TOP$911968$aORPH$bORPH$cKTS0$d2021-01-12$eKoopman$i22A42$l0$oTOP DE.ARN2$p20125591$r2021-01-12 00:00:00$w2021-01-12$yBOO$OKoopman
=999  \\$d11985

