=LDR  01001aas a2200193   4500
=001  11990
=005  20250925143259.0
=008  250917i19631964||||||||\||||\00|\0\ger\d
=041  \\$ager
=110  \\$aVerband der Komponisten und Musikwissenschaftler der DDR (Germany)$1http://www.wikidata.org/entity/Q2513813$4edt$941228
=245  \\$aBeiträge zur Musikwissenschaft$n5-6
=260  \\$aBerlin$bNeue Musik$c1963-4
=648  \0$a20th Century (1901-2000)$1http://www.wikidata.org/entity/Q6927$920936
=650  \0$aMusicology$1http://www.wikidata.org/entity/Q164204$93925
=651  \0$aGermany$1http://www.wikidata.org/entity/Q183$9155
=942  \\$cPER
=952  \\$00$10$2ddc$3Vol. 5$40$6PER_BM2$70$8PER$911973$aORPH$bORPH$cKM12_1$d2020-09-07$eKoopman$i22C05$l0$oPER BM2$p20125662$r2021-01-12 00:00:00$w2021-01-12$yPER$OKoopman
=952  \\$00$10$2ddc$3Vol. 6$40$6PER_BM2$70$8PER$911974$aORPH$bORPH$cKM12_1$d2020-07-08$eKoopman$i22C06$l0$oPER BM2$p20125661$r2021-01-12 00:00:00$w2021-01-12$yPER$OKoopman
=999  \\$d11990

