=LDR  01106cam a2200253 a 4500
=001  11994
=005  20250905163303.0
=008  941128s1995\\\\nyua\\\\\b\\\\011\0\eng\\
=020  \\$a094519370X
=040  \\$aOI
=041  \\$aeng
=100  \\$4dte$aBuelow, George J.$d1929-2009$1http://www.wikidata.org/entity/Q27835998$914723
=245  00$aFesta musicologica. Essays in honor of George J. Buelow.
=260  \\$aStuyvesant, NY$bPendragon$c1995
=300  \\$ax, 528 pages$bill. ;$c24 cm.
=490  \\$aFestschrift series$v14
=504  \\$aIncludes bibliographical references and index.
=600  \0$aHandel, George Frideric$d1685-1759$1http://www.wikidata.org/entity/Q7302$94765
=650  \0$aMusic theory$1http://www.wikidata.org/entity/Q193544$92662
=700  \\$aMathiesen, Thomas J.$4edt$1http://www.wikidata.org/entity/Q111743887$914721
=700  \\$aRivera, Benito V.$d1936-$4edt$914722
=942  \\$cBOO
=952  \\$00$10$2ddc$40$6REF_4_000000000000000_BUEL$70$8REF$911977$aORPH$bORPH$cKM12_1$d2021-01-12$eKoopman$i22C15$l0$oREF 4 BUEL$p20125716$r2021-01-12 00:00:00$w2021-01-12$yBOO
=999  \\$c11994$d11994

