=LDR  01241nam a2200253 a 4500
=001  11996
=008  900815s1990\\\\\\\ao\\\\b\\\\001\0\ger\|
=041  \\$ager
=100  \\$aGrunsky, Konrad$1http://www.wikidata.org/entity/Q112538106$4edt$914724
=245  00$aSchloss vor Husum
=260  \\$aHusum$bHusum Druck- und Verlagsgesellschaft$c1990
=300  \\$a216 pages
=500  \\$acontains contribution about musical life at court 1660-1684
=504  \\$aIncludes bibliographical references (p. 211-214) and index.
=610  \0$aSchloss vor Husum (Schleswig-Holstein, Germany)$1http://www.wikidata.org/entity/Q477607$91651
=650  \0$aArchitecture$1http://www.wikidata.org/entity/Q12271$93185
=650  \0$aHistory$1http://www.wikidata.org/entity/Q309$921403
=650  \0$aMusic history$1http://www.wikidata.org/entity/Q846047$921373
=650  \0$aCastle$1http://www.wikidata.org/entity/Q23413$92088
=650  \0$aCourt$1http://www.wikidata.org/entity/Q1134237$922191
=651  \0$aHusum (Germany)$1http://www.wikidata.org/entity/Q21159$9208
=942  \\$cBOO
=952  \\$00$10$2ddc$40$6TOP_DE_HUS$70$8TOP$911979$aORPH$bORPH$cKTS0$d2021-01-12$eKoopman$i22C27$l0$oTOP DE.HUS$p20125704$r2021-01-12 00:00:00$w2021-01-12$yBOO$OKoopman
=999  \\$d11996

