=LDR  01049cam a2200253 a 4500
=001  12005
=005  20250120115912.0
=008  860512s1985\\\\ne\a\\\\\b\\\\001\0\dut\\
=020  \\$a9061716489
=040  \\$aOI
=041  0\$aduteng
=245  00$aUniversiteit te Franeker, 1585-1811 :$bbijdragen tot de geschiedenis van de Friese hogeschool /$conder redactie van G. Th. Jensma, F.R.H. Smit, F. Westra ; redactieraad, M.H.H. Engels ... [et al.].
=260  \\$aLeeuwarden :$bFryske Akademy,$c1985.
=300  \\$a523 p. :$bill. ;$c25 cm.
=490  1\$aFryske Akademy ;$vnr. 648
=504  \\$aBibliography: p. 490-499.
=610  \0$aUniversiteit van Franeker (Netherlands)$1http://www.wikidata.org/entity/Q1293929$91652
=700  \\$aJensma, Goffe$d-1956$911870
=700  \\$aSmit, F. R. H.$914728
=700  \\$aWestra, Frans.$914729
=830  \0$91021$aFryske Akademy (Series) ;$vnr. 648.
=942  \\$cBOO
=952  \\$00$10$40$70$911988$aORPH$bORPH$cLOC_UNK$d2021-01-12$l0$p20125681$r2021-01-12 00:00:00$w2021-01-12$yTYPE_UNK$OKoopman
=999  \\$c12005$d12005

