=LDR  00950aam a2200229   4500
=001  12011
=008  230918s1994\\\\||||||||\||||\00|\0\ita\d
=020  \\$a9788843549436
=041  \\$aita
=100  \\$4edt$aMarinelli, Sergio$910503
=245  \\$aDisegni Veronesi al Louvre 1500-1630
=260  \\$c1994$aMilan$bElecta
=300  \\$a231 pages
=590  \\$aVerona, Museo di Castelvecchio, 29 luglio-16 ottobre 1994
=648  \0$1http://www.wikidata.org/entity/Q7017$a16th Century (1501-1600)$920944
=648  \0$1http://www.wikidata.org/entity/Q7016$a17th Century (1601-1700)$920923
=650  \0$1http://www.wikidata.org/entity/Q219625$aFine art$921579
=650  \0$1http://www.wikidata.org/entity/Q464980$aExhibition$925353
=651  \0$1http://www.wikidata.org/entity/Q2028$aVerona (Italy)$921086
=942  \\$cBOO
=952  \\$00$10$40$70$911994$aORPH$bORPH$cLOC_UNK$d2021-01-12$l0$p20128465$r2021-01-12 00:00:00$w2021-01-12$yTYPE_UNK$OKoopman
=999  \\$d12011

