=LDR  00285    a2200097   4500
=001  12022
=245  \\$aIl primato del disegno
=260  \\$c1980
=942  \\$cBOO
=952  \\$00$10$40$70$912005$aORPH$bORPH$cLOC_UNK$d2021-01-12$l0$p20129575$r2021-01-12 00:00:00$w2021-01-12$yTYPE_UNK$OKoopman
=999  \\$c12022$d12022

