=LDR  01006aam a2200217   4500
=001  12023
=008  250225s1980\\\\||||||||\||||\00|\0\ita\d
=041  \\$aita
=245  \\$aLa corte il mare i mercanti:$bla rinascita della scienza. Editoria e società. Astrologia, magia e alchimia
=260  \\$aMilan$bElecta$c1980
=300  \\$a438 pages$e24x17 cm
=490  \\$aFirenze e la Toscana dei Medici nell'Europa del Cinquecento
=648  \0$a16th Century (1501-1600)$1http://www.wikidata.org/entity/Q7017$920944
=650  \0$aScience$1http://www.wikidata.org/entity/Q7991$921650
=650  \0$aPublishing$1http://www.wikidata.org/entity/Q3972943$93049
=650  \0$aAlchemy$1http://www.wikidata.org/entity/Q39689$922115
=650  \0$aMagic$1http://www.wikidata.org/entity/Q81741$925904
=651  \0$aFlorence (Italy)$1http://www.wikidata.org/entity/Q2044$9248
=942  \\$cBOO
=952  \\$00$10$40$70$912006$aORPH$bORPH$cLOC_UNK$d2021-01-12$l0$p20129576$r2021-01-12 00:00:00$w2021-01-12$yTYPE_UNK$OKoopman
=999  \\$d12023

