=LDR  01182cam a2200301 a 4500
=001  12029
=005  20250120120210.0
=008  931207s1992\\\\gw\ag\\\\b\\\\010\0\ger\d
=010  \\$a   92236684 
=020  \\$a3890072631
=035  \\$a(OCoLC)27238555
=040  \\$aMH-Mu$cMH-Mu$dMoSW$dCU$dMBU$dDLC
=041  0\$ager
=042  \\$alccopycat
=100  \\$4dte$aCroll, Gerhard$d1927-2019$910332
=245  00$aDe editione musices. Festschrift Gerhard Croll zum 65. Geburtstag
=260  \\$aLaaber$bLaaber-Verlag$c1992
=300  \\$a445 pages$bill., music ;$c25 cm.
=504  \\$a"Schriftenverzeichnis Gerhard Croll": p. [439]-445.
=504  \\$aIncludes bibliographical references.
=650  \0$aMusicology$1http://www.wikidata.org/entity/Q164204$93925
=700  \\$aGratzer, Wolfgang$4edt$915962
=700  \\$aLindmayr-Brandl, Andrea$4edt$914741
=740  0\$aFestschrift Gerhard Croll.
=942  \\$cBOO
=952  \\$00$10$2ddc$40$6REF_4_000000000000000_CROL$70$8REF$912012$aORPH$bORPH$cKM12_1$d2021-01-12$eKoopman$i22E30$l0$oREF 4 CROL$p20128875$r2021-01-12 00:00:00$w2021-01-12$yBOO
=999  \\$c12029$d12029
=650  \0$aMusic history$1http://www.wikidata.org/entity/Q846047$921373

