=LDR  00910cam a22002294a 4500
=001  12030
=005  20250120120203.0
=008  990805s1998\\\\ne\a\\\\\b\\\\001\0\dut\\
=020  \\$a9075323581
=040  \\$aOI
=245  00$aLood om oud ijzer /$credactie Tim Graas.
=260  \\$aSoesterberg :$bUitgeverij Aspekt,$c1998.
=300  \\$a224 p. :$bill. ;$c24 cm.
=504  \\$aIncludes bibliographical references and index.
=650  \0$aChurch$1http://www.wikidata.org/entity/Q16970$93776
=650  \0$aApplied arts$1http://www.wikidata.org/entity/Q2865882$921627
=700  \\$aGraas, Tim$914742
=942  \\$cBOO
=952  \\$00$10$40$70$912013$aORPH$bORPH$cLOC_UNK$d2021-01-12$l0$p20128874$r2021-01-12 00:00:00$w2021-01-12$yTYPE_UNK$OKoopman
=999  \\$c12030$d12030
=490  \\$aPublicatiereeks van de Stichting Kerkelijk Kunstbezit in Nederland ;$vd. 4
=651  \0$aNetherlands$1http://www.wikidata.org/entity/Q55$9173

