=LDR  00923aam a2200205   4500
=001  12031
=008  230918s1999\\\\||||||||\||||\00|\0\ger\d
=041  \\$ager
=245  \\$a"Nur wer die Kantaten kennt, kennt Bachs Musik":$bdrei Dirigenten über ihre Gesamteinspielungen
=260  \\$c1999$bBärenreiter
=300  \\$a5 pages
=500  \\$aArticle from the periodical 'Musik und Kirche': 69, 4, page 268-273 
=650  \0$1http://www.wikidata.org/entity/Q158852$aConductor$93134
=650  \0$1http://www.wikidata.org/entity/Q10302058$aSound recording industry$92246
=700  \\$4aut$aRilling, Helmuth$913559
=700  \\$1http://www.wikidata.org/entity/Q445121$4aut$aKoopman, Ton$d1944-$910491
=700  1\$1http://www.wikidata.org/entity/Q700648$4aut$aSuzuki, Masaaki$d1954-$926502
=942  \\$cBOO
=952  \\$00$10$40$70$912014$aORPH$bORPH$cLOC_UNK$d2021-01-12$l0$r2021-01-12 00:00:00$w2021-01-12$yTYPE_UNK$OKoopman
=999  \\$d12031

