=LDR  00513    a2200181   4500
=001  12046
=003  OSt
=005  20230122211018.0
=008  210208b\\\\\\\\\\\|||||\||||\00|\0\eng\d
=020  \\$a9783761814215
=040  \\$cST
=041  \\$ager
=100  \\$4aut$aVarious$94793
=245  \\$aMusik-Kultur heute
=260  \\$c1998
=942  \\$cBOO$2ddc
=952  \\$00$10$2ddc$40$6GHM_7_000000000000000$70$8GHM$912029$aORPH$bORPH$cKM12_1$d2021-01-12$l0$oGHM 7$p20128509$r2021-01-12 00:00:00$w2021-01-12$yBOO
=999  \\$c12046$d12046

