=LDR  01024cam a2200241 i 4500
=001  12056
=005  20250514134535.0
=008  770318r1977\\\\nyua\\\\\b\\\\010\0\eng\\
=020  \\$a0306774089
=040  \\$aOI
=100  \\$aPlamenac, Dragan$d1895-1983$4dte$1http://www.wikidata.org/entity/Q5304888$914765
=245  00$aEssays in musicology in honor of Dragan Plamenac on his 70th birthday /$cedited by Gustave Reese and Robert J. Snow.
=260  \\$aNew York$bDa Capo Press$c1977
=300  \\$axiii, 391 pages$bill. ;$c24 cm.
=490  0\$aDa Capo Press music reprint series
=504  \\$aIncludes bibliographical references.
=534  \\$c1969
=650  \0$aMusicology$1http://www.wikidata.org/entity/Q164204$93925
=700  \\$aReese, Gustave$d1899-1977$4edt$914764
=700  \\$aSnow, Robert J.$d1926-1998$4edt$915681
=942  \\$cBOO
=952  \\$00$10$2ddc$40$6REF_4_000000000000000_PLAM$70$8REF$912039$aORPH$bORPH$cKM12_1$d2021-01-12$eKoopman$i23D30$oREF4 PLAM$p20128637$r2021-01-12 00:00:00$w2021-01-12$yBOO
=999  \\$d12056

