=LDR  00994cam a2200229 a 4500
=001  12057
=005  20250210102244.0
=008  871201s1986\\\\gw\ag\\\\b\\\\011\0\ger\\
=020  \\$a3775111379 :$cDM48.00
=040  \\$aOI
=100  \\$4dte$aRuhnke, Martin$d1921-2004$914685
=245  00$aFestschrift Martin Ruhnke zum 65. Geburtstag
=260  \\$aNeuhausen-Stuttgart$bHänssler$c1986
=300  \\$a408 pages$bill., music$c24 cm.
=504  \\$a"Schriftenverzeichnis Martin Ruhnke": p. 387-396.
=504  \\$aIncludes bibliographies and index.
=650  \0$aMusic history$1http://www.wikidata.org/entity/Q846047$921373
=710  2\$aFriedrich-Alexander-Universität Erlangen-Nürnberg.$bInstitut für Musikwissenschaft.
=740  0\$aFestschrift Martin Ruhnke zum fünfundsechzigsten Geburtstag.
=942  \\$cBOO
=952  \\$00$10$2ddc$40$6REF_4_000000000000000_RUHN$70$8REF$912040$aORPH$bORPH$cKM12_1$d2021-01-12$eKoopman$i23D32$oREF4 RUHN$p20128635$r2021-01-12 00:00:00$w2021-01-12$yBOO
=999  \\$d12057

