=LDR  01695aam a2200277   4500
=001  12064
=008  241209s2000\\\\||||||||\||||\00|\0deng\d
=020  \\$a9068531514
=245  \\$aThe Di Martinelli Music Collection (KU Leuven, University Archives) - Musical life in the collegiate churches in the Low Countries and Europe - Chant and Polyphony.$bColloquium Proceedings Leuven 02.02.1998, Leuven 25.10.1998, Leuven 21-22.11.1999
=260  \\$c2000$aLeuven$bAlamire
=300  \\$a474 pages
=490  \\$aYearbook of the Alamire Foundation$v4
=648  \0$aMiddle Ages (500-1400)$1http://www.wikidata.org/entity/Q12554$920964
=648  \0$aRenaissance (1400-1600)$1http://www.wikidata.org/entity/Q4692$920965
=648  \0$a17th Century (1601-1700)$1http://www.wikidata.org/entity/Q7016$920923
=648  \0$a18th Century (1701-1800)$1http://www.wikidata.org/entity/Q7015$920899
=650  \0$aPolyphony$1http://www.wikidata.org/entity/Q179465$926381
=650  \0$aChurch music$1http://www.wikidata.org/entity/Q8812109$1http://www.wikidata.org/entity/Q1065742$92283
=651  \0$aFlanders (Belgium)$1http://www.wikidata.org/entity/Q234$989
=651  \0$aNetherlands$1http://www.wikidata.org/entity/Q55$1http://www.wikidata.org/entity/Q29999$9173
=651  \0$aEurope$1http://www.wikidata.org/entity/Q46$991
=700  \\$aBouckaert, Bruno$1http://www.wikidata.org/entity/Q2926658$4edt$914714
=700  \\$aSchreurs, Eugeen$1http://www.wikidata.org/entity/Q112392908$4edt$915924
=942  \\$cBOO
=952  \\$00$10$2ddc$40$6TOP_BE_FLA_3_000000000000000$70$8TOP$912047$aORPH$bORPH$cKTS0$d2021-01-12$eKoopman$i23F01$l0$oTOP BE.FLA 3$p20128909$r2021-01-12 00:00:00$w2021-01-12$yBOO$OKoopman
=999  \\$d12064

