=LDR  00292    a2200097   4500
=001  12066
=245  \\$aRevista de Estudios Musicales
=260  \\$c1951
=942  \\$cBOO
=952  \\$00$10$40$70$912049$aORPH$bORPH$cLOC_UNK$d2021-01-12$l0$p20128899$r2021-01-12 00:00:00$w2021-01-12$yTYPE_UNK$OKoopman
=999  \\$c12066$d12066

