=LDR  00946    a2200217   4500
=001  12104
=008  220428s1998\\\\gw\af|||\||||\00|\0\ger\d
=041  \\$ager
=100  \\$4aut$aVarious$94793
=245  \\$aDie Trost-Orgel und Stadtkirche "Zur Gotteshilfe" Waltershausen.$bFestschrift zur Orgelweihe und 275 -jährigem Jubiläum der Stadtkirche
=260  \\$c1998$aWaltershausen
=300  \\$a100 pages
=336  \\$aprinted
=610  \0$aStadtkirche (Waltershausen, Germany)$1http://www.wikidata.org/entity/Q1710826$924031
=650  \0$aOrgan$1http://www.wikidata.org/entity/Q1444$92810
=650  \0$aOrganology$1http://www.wikidata.org/entity/Q899293$921400
=651  \0$aWaltershausen (Germany)$1http://www.wikidata.org/entity/Q506743$924030
=700  \\$4edt$aHeinke, Theophil$d-1965$924029
=942  \\$cBOO
=952  \\$00$10$40$70$912087$aORPH$bORPH$cLOC_UNK$d2021-01-12$l0$p20128998$r2021-01-12 00:00:00$w2021-01-12$yTYPE_UNK$OKoopman
=999  \\$d12104

