=LDR  01267aam a2200229   4500
=001  12116
=008  241219s1956\\\\|||a||||\||||\10|\0\mul\d
=041  \\$adut$aeng$afre
=110  \\$aVereeniging der Antwerpsche Bibliophielen (Antwerp, Belgium)$4orm$939349
=245  \\$aGedenkboek der Plantin-Dagen, 1555-1955.$bInternationaal congres voor boekdrukkunst en humanisme, 4-10 september 1955
=260  \\$c1956$aAntwerp$bVereeniging der Antwerpsche Bibliophielen
=300  \\$a385 pages
=600  \0$aPlantin, Christophe$d1520-1589$1http://www.wikidata.org/entity/Q380360$924155
=610  \0$aPlantijn (Antwerp, Belgium)$1http://www.wikidata.org/entity/Q5254948$924517
=648  \0$a16th Century (1501-1600)$1http://www.wikidata.org/entity/Q7017$920944
=648  \0$a17th Century (1601-1700)$1http://www.wikidata.org/entity/Q7016$920923
=650  \0$aPrinting$1http://www.wikidata.org/entity/Q11034$921936
=650  \0$aPublishing$1http://www.wikidata.org/entity/Q3972943$93049
=651  \0$aAntwerp (Belgium)$1http://www.wikidata.org/entity/Q12892$920974
=942  \\$cBOO
=952  \\$00$10$2ddc$40$6BIB_4_000000000000000_BE_ANT$70$8BIB$912099$aORPH$bORPH$cKTS0$d2021-01-12$eKoopman$i24D53$l0$oBIB4 BE.ANT$p20129071$r2021-01-12 00:00:00$w2021-01-12$yBOO$OKoopman
=999  \\$d12116

