=LDR  00290    a2200097   4500
=001  12128
=245  \\$aFestschrift zur Wiedereinweihung
=260  \\$c1985
=942  \\$cBOO
=952  \\$00$10$2ddc$40$70$912111$aORPH$bORPH$cLOC_UNK$d2021-01-12$l0$r2021-01-12 00:00:00$w2021-01-12$yTYPE_UNK$OKoopman
=999  \\$c12128$d12128

