=LDR  00899aam a2200205   4500
=001  12142
=008  220705s1989\\\\it\f||||\||||\00|\0\ita\d
=041  \\$aita
=100  \\$4aut$aVarious$94793
=245  \\$a50° di Messa di Don Giovanni Flocchini. Il restauro dell'organo Bonatti
=260  \\$c1989$aComero di castro
=300  \\$a64 pages
=600  \0$1http://www.wikidata.org/entity/Q67123775$aBonatti, Giuseppe$924415
=650  \0$aOrgan$1http://www.wikidata.org/entity/Q1444$92810
=650  \0$aOrganology$1http://www.wikidata.org/entity/Q899293$921400
=651  \0$aItaly$1http://www.wikidata.org/entity/Q38$922
=651  \0$aComero di Casto (Italy)$1http://www.wikidata.org/entity/Q48801038$924494
=942  \\$cBOO
=952  \\$00$10$2ddc$40$6INS_3_000000000000000_1E_IT_COM$70$8INS$912125$aORPH$bORPH$cKTS0$d2021-01-12$i24G11$oINS3.1e IT.COM$p20125824$r2021-01-12 00:00:00$w2021-01-12$yBOO
=999  \\$d12142

