=LDR  00980    a2200229   4500
=001  12143
=008  220516|\\\\\\\\fr\af|||\||||\00|\0\fre\d
=020  \\$a9782857444749
=041  \\$afre
=100  \\$4aut$aVarious$94793
=245  \\$aOrgues de la région Poitou-Charentes
=260  \\$cs.d.$aAix-en-Provence$bÈdisud, La Calade
=300  \\$a416 pages
=336  \\$aprinted
=650  \0$aOrgan$1http://www.wikidata.org/entity/Q1444$92810
=650  \0$aOrganology$1http://www.wikidata.org/entity/Q899293$921400
=651  \0$aCharente (France)$1http://www.wikidata.org/entity/Q3266$924206
=651  \0$aPoitou (France)$1http://www.wikidata.org/entity/Q954076$924207
=710  \\$4edt$aAssociation régionale de développement, d'information et d'action musicale et choréographique$924205
=942  \\$cBOO
=952  \\$00$10$2ddc$40$6INS_3_000000000000000_1A_FR_POI$70$8INS$912126$aORPH$bORPH$cKTS0$d2021-01-12$oINS3.1a FR.POI$p20125823$r2021-01-12 00:00:00$w2021-01-12$yBOO
=999  \\$d12143

