=LDR  01719cam a2200373 a 4500
=001  12161
=005  20250120120019.0
=008  090918s2009\\\\fr\a\\\\\bc\\\001\0\fre\d
=010  \\$a  2009524710
=020  \\$a9782754104050 (Hazan)
=020  \\$a2754104054 (Hazan)
=020  \\$a9782350312521 (Musée du Louvre)
=020  \\$a2350312526 (Musée du Louvre)
=040  \\$aTZT$cTZT$dAUXAM$dNGADLC$dDLC
=042  \\$alccopycat
=043  \\$ae-it---
=245  00$aTitien, Tintoret, Véronèse-- :$brivalités à Venise : Paris, Musée du Louvre, 17 septembre 2009-4 janvier 2010  /$csous la direction de Vincent Delieuvin et Jean Habert ; assistés d'Arturo Galansino.
=260  \\$aParis :$bHazan :$bMusée du Louvre Éditions,$cc2009.
=300  \\$a479 p. :$bill. (chiefly col.) ;$c29 cm.
=504  \\$aIncludes bibliographical references ( p. 439-469) and index.
=650  \0$aFine art$1http://www.wikidata.org/entity/Q219625$921579
=650  \0$aFine art$1http://www.wikidata.org/entity/Q219625$921579
=600  \0$aTitian$dc. 1488-1576$1http://www.wikidata.org/entity/Q47551$910983
=600  \0$aTintoretto$d1518-1594$1http://www.wikidata.org/entity/Q9319$914794
=600  \0$aVeronese,$d1528-1588$912597
=700  \\$aDelieuvin, Vincent$914795
=700  \\$aHabert, Jean-Pierre$914796
=700  \\$aGalansino, Arturo$914797
=710  \\$aMusée du Louvre (Paris, France)$1http://www.wikidata.org/entity/Q19675$91554
=710  \\$aMuseum of Fine Arts, Boston (MA, USA)$91671
=942  \\$cBOO
=952  \\$00$10$40$70$912144$aORPH$bORPH$cLOC_UNK$d2021-01-12$l0$p20129186$r2021-01-12 00:00:00$w2021-01-12$yTYPE_UNK$OKoopman
=999  \\$c12161$d12161
=651  \0$aItaly$1http://www.wikidata.org/entity/Q38$922

