=LDR  03524    a2200409   4500
=001  12163
=005  20250926134856.0
=008  210819t1968\\\\\\\|||||\||||\01|\0\eng\d
=041  \\$aeng
=100  \\$aStrunk, Oliver$d1901-1980$4dte$1http://www.wikidata.org/entity/Q1266266$920308
=245  \\$aStudies in Music History:$bEssays for Oliver Strunk
=260  \\$c1968$aPrinceton, NJ$bPrinceton University Press
=300  \\$a527 pages
=505  \\$aWagner's Musical Sketches for Siegfrieds Tod / R. Bailey -- Plus ça change / N. Burt -- The Tropi Ad Sequentiam / P. Evans -- Stürzet nieder, Millionen / E. Forbes -- The Travels of Partenope / R. Freeman -- Haydn's Creation Revisited: An Introductory Essay / V. Gotwals -- Current Historiography and Music History / D. J. Grout -- The Motets of Lionel Power / C. Hamm -- Agostino Steffani's Hannover Operas and a Rediscovered Catalogue / P. Keppler -- Verdi's Use of Recurring Themes / J. Kerman -- Three Byzantine Acclamations / K. Levy -- Some Musical Jokes in Mozart's Le Nozze di Figaro / D. Lewin -- A Sample Problem of Musica Ficta: Willaert's Pater noster / L. Lockwood -- Echoes of Adrian Willaert's Chromatic Duo in Sixteenth- and Seventeenth-Century Compositions / E. E. Lowinsky -- Musical Sketches in J.S. Bach's Cantata Autographs / R. L. Marshall -- Some Ambiguities of the Mensural System / A. Mendel -- Handel's Giulio Cesare in Egitto / J. M. Knapp -- Some Dates for Bartolino da Padova / P. Petrobelli -- Church Polyphony Apropos of a New Fragment at Foligno / N. Pirrotta -- L'Erismena Travestita / H. S. Powers -- Vi sono molt'altre mezz'Arie ... / S. Reiner -- On the Structure of the Alleluia Melisma : A Western Tendency in Western Chant / L. Treitler
=600  \0$aBartolino da Padova$dfl. 1365-1405$1http://www.wikidata.org/entity/Q3635310$923172
=600  \0$aPower, Leonel$d?-1445$1http://www.wikidata.org/entity/Q2711953$918564
=600  10$aWillaert, Adriaan$d1490?-1562$920990
=600  \0$aCesti, Antonio$d1623-1669$1http://www.wikidata.org/entity/Q350695$910173
=600  \0$aSteffani, Agostino$d1654-1728$1http://www.wikidata.org/entity/Q395725$914420
=600  \0$aBach, Johann Sebastian$d1685-1750$1http://www.wikidata.org/entity/Q1339$94766
=600  \0$aHaydn, Joseph$d1732-1809$1http://www.wikidata.org/entity/Q7349$94783
=600  \0$aMozart, Wolfgang Amadeus$d1756-1791$1http://www.wikidata.org/entity/Q254$95341
=600  \0$aVerdi, Giuseppe$d1813-1901$1http://www.wikidata.org/entity/Q7317$922711
=600  \0$aWagner, Richard$d1813-1883$1http://www.wikidata.org/entity/Q1511$97120
=648  \0$aPast$1http://www.wikidata.org/entity/Q192630$922196
=650  \0$aMusic history$1http://www.wikidata.org/entity/Q846047$921373
=650  \0$aOpera$1http://www.wikidata.org/entity/Q1344$92468
=650  \0$aOratorio$1http://www.wikidata.org/entity/Q85477$91825
=650  \0$aMotet$1http://www.wikidata.org/entity/Q188285$92028
=650  \0$aSatire$1http://www.wikidata.org/entity/Q128758$921636
=650  \0$aMusica ficta$1http://www.wikidata.org/entity/Q1852714$92114
=650  \0$aCantata$1http://www.wikidata.org/entity/Q174873$921603
=651  \0$aHannover (Germany)$1http://www.wikidata.org/entity/Q1715$923171
=700  \\$4edt$aPowers, Harold$d1928-2007$1http://www.wikidata.org/entity/Q5662057$922069
=942  \\$cBOO
=952  \\$00$10$2ddc$40$6REF_4_000000000000000_STRU$70$8REF$912146$aORPH$bORPH$cKM12_1$d2021-01-12$eKoopman$i25B08$oREF4 STRU$p20129184$r2021-01-12 00:00:00$w2021-01-12$yBOO
=999  \\$d12163

