=LDR  03367cam a22005534a 4500
=001  12166
=005  20250324105302.0
=008  110524s2010\\\\gw\a\\\\\\\\\\001\0\ger\\
=020  \\$a9783890076645 (set)
=020  \\$a3890076645 (set)
=020  \\$a9783890076645 (Bd. 1)
=020  \\$a3890076645 (Bd. 1)
=020  \\$a9783890076669 (Bd. 2)
=020  \\$a3890076661 (Bd. 2)
=020  \\$a9783890076676 (Bd. 3)
=020  \\$a389007667X (Bd. 3)
=020  \\$a9783890076683 (Bd. 4)
=020  \\$a3890076688 (Bd. 4)
=020  \\$a9783890076690 (Bd. 5)
=020  \\$a3890076696 (Bd. 5)
=020  \\$a9783890076706 (Bd. 6)
=020  \\$a389007670X (Bd. 6)
=020  \\$a9783890076713 (Bd. 7)
=020  \\$a3890076718 (Bd. 7)
=040  \\$aOI
=041  \\$ager
=100  \\$4aut$aDahlhaus, Carl$d1928-1989$916277
=245  00$aGeschichte der Musik
=260  \\$aLaaber$bLaaber-Verlag$c2008
=300  \\$a7 vols. (358+464+668+385+385+464 pages)$billustrations$c25 cm
=504  \\$aIncludes bibliographical references and indexes.
=505  0\$aBd. 1. Die Musik des Altertums / Albrecht Riethmüller ; Frieder Zaminer, Hg. -- Bd. 2. Die Musik des Mittelalters / Hartmut Möller, Rudolf Stephan, Hg. -- Bd. 3. Die Musik des 15. und 16. Jahrhunderts / Ludwig Finscher, Hg. -- Bd. 4. Die Musik des 17. Jahrhunderts / Werner Braun -- Bd. 5. Die Musik des 18. Jahrhunderts / Carl Dahlhaus -- Bd. 6. Die Musik des 19. Jahrhunderts / Carl Dahlhaus -- Bd. 7. Die Musik des 20. Jahrhunderts / Hermann Danuser.
=650  \0$aMusic history$1http://www.wikidata.org/entity/Q846047$921373
=700  \\$4edt$aRiethmüller, Albrecht$916360
=700  \\$4edt$aZaminer, Frieder$914803
=700  \\$4edt$aMöller, Hartmut$d1953-$911496
=700  \\$4edt$aStephan, Rudolf$920671
=700  \\$4edt$aFinscher, Ludwig$d1930-2020$1http://www.wikidata.org/entity/Q88586$918734
=700  \\$4edt$aBraun, Werner$d1926-2012$99869
=700  \\$aDanuser, Hermann$4edt$916156
=942  \\$cBOO
=952  \\$00$10$2ddc$3vol. 3: Die Musik des 15. und 16. Jahrhunderts$40$6GHM_0_000000000000000$70$8GHM$915626$aORPH$bORPH$cKM12_1$d2022-10-12$l0$oGHM0$p20129207$r2021-01-12 00:00:00$w2021-01-12$yBOO
=952  \\$00$10$2ddc$3vol. 4: Die Musik des 17. Jahrhunderts$40$6GHM_0_000000000000000$70$8GHM$915627$aORPH$bORPH$cKM12_1$d2022-10-12$l0$oGHM0$p20130666$r2021-01-12 00:00:00$w2021-01-12$yBOO
=952  \\$00$10$2ddc$3vol. 5: Die Musik des 18. Jahrhunderts$40$6GHM_0_000000000000000$70$8GHM$915628$aORPH$bORPH$cKM12_1$d2022-10-12$l0$oGHM0$p20130665$r2021-01-12 00:00:00$w2021-01-12$yBOO
=952  \\$00$10$2ddc$3vol. 6: Die Musik des 19. Jahrhunderts$40$6GHM_0_000000000000000$70$8GHM$915629$aORPH$bORPH$cKM12_1$d2022-10-12$l0$oGHM0$p20130663$r2021-01-12 00:00:00$w2021-01-12$yBOO
=952  \\$00$10$2ddc$3vol. 1: Die Musik des Altertums$40$6GHM_0_000000000000000$70$8GHM$915630$aORPH$bORPH$cKM12_1$d2022-10-12$l0$oGHM0$p20130669$r2021-01-12 00:00:00$w2021-01-12$yBOO
=952  \\$00$10$2ddc$3vol. 2: Die Musik des Mittelalters$40$6GHM_0_000000000000000$70$8GHM$915631$aORPH$bORPH$cKM12_1$d2022-10-12$l0$oGHM0$p20130668$r2021-01-12 00:00:00$w2021-01-12$yBOO
=952  \\$00$10$2ddc$3vol. 7: Die Musik des 20. Jahrhunderts$40$6GHM_0_000000000000000$70$8GHM$919919$aORPH$bORPH$cKM12_1$d2021-02-02$l0$oGHM0$p20130664$r2021-02-02 00:00:00$w2021-02-02$yBOO
=999  \\$d12166

