=LDR  01710aam a2200301   4500
=001  12168
=008  250624s1963\\\\|||oacf|\b|||\001\0\eng\d
=041  \\$aeng
=245  \\$aThe Early Georgian Period (1714-1760)
=260  \\$c1963$aLondon$bThe Connoisseur
=300  \\$axii-180 pages
=490  \\$aThe Connoisseur Period Guides to the Houses, Furnishing and Chattels of the Classic Periods
=505  \\$gEarly Georgian Period - Architecture & Interior Design - Furniture - Painting & Sculpture - Silver & Plate - Pottery, Porcelain & Glass - Domestic Metalwork - Textiles - Costume - Portrait Miniatures - Jewellery - Music & musical Instruments - Bookbinding - Printing
=648  \0$a18th Century (1701-1800)$1http://www.wikidata.org/entity/Q7015$920899
=650  \0$aCultural history$1http://www.wikidata.org/entity/Q858517$922395
=650  \0$aArchitecture$1http://www.wikidata.org/entity/Q12271$93185
=650  \0$aFine art$1http://www.wikidata.org/entity/Q219625$921579
=650  \0$aMusical Instrument$940212
=650  \0$aBookbinding$1http://www.wikidata.org/entity/Q240471$94369
=650  \0$aPrinting$1http://www.wikidata.org/entity/Q11034$921936
=650  \0$aApplied arts$1http://www.wikidata.org/entity/Q2865882$921627
=650  \0$aSculpture$1http://www.wikidata.org/entity/Q860861$92483
=651  \0$aUnited Kingdom$1http://www.wikidata.org/entity/Q21$1http://www.wikidata.org/entity/Q145$9273
=700  \\$aEdwards, Ralph$4edt$940440
=700  \\$aRamsey, L.G.G .$4edt$940441
=942  \\$cBOO
=952  \\$00$10$2ddc$40$6TOP_GB_5_000000000000000$70$8TOP$912151$aORPH$bORPH$cKTS0$d2021-01-12$eKoopman$i25B21$l0$oTOP GB 5$p20129203$r2021-01-12 00:00:00$w2021-01-12$yBOO$OKoopman
=999  \\$d12168

