=LDR  01106aam a2200229   4500
=001  12178
=008  241127s2007\\\\|||a||||\||||\00|\0\ger\d
=020  \\$a9783931479954
=041  \\$ager
=245  \\$aFrühmoderne Bücherwelten.$bDie Bibliothek des 18. Jahrhunderts und das hallesche Waisenhaus
=260  \\$c2007$aHalle$bFranckesche Stiftungen
=300  \\$a224 pages$bill.
=490  \\$aKataloge der Franckeschen Stiftungen$v19
=648  \0$a18th Century (1701-1800)$1http://www.wikidata.org/entity/Q7015$920899
=650  \0$aLibrary$1http://www.wikidata.org/entity/Q7075$94229
=650  \0$aCultural history$1http://www.wikidata.org/entity/Q858517$922395
=651  \0$aHalle (Saale, Germany)$1http://www.wikidata.org/entity/Q2814$921799
=700  \\$aBaumunk, Bodo-Michael$4aut$939254
=710  \\$aFranckesche Stiftungen (Halle, Germany)$1http://www.wikidata.org/entity/Q276846$927215
=942  \\$cBOO
=952  \\$00$10$2ddc$40$6BIB_4_000000000000000_DE_HAL1$70$8BIB$912161$aORPH$bORPH$cKTS0$d2021-01-12$eKoopman$i25D98$l0$oBIB4 DE.HAL1$p20129279$r2021-01-12 00:00:00$w2021-01-12$yBOO$OKoopman
=999  \\$d12178

