=LDR  01167cam a2200253 i 4500
=001  12184
=008  120316s2010\\\\gw\aboc\\b\\\\001\0dger\\
=041  \\$ager
=245  00$aMainz - Menschen, Bauten, Ereignisse.$bEine Stadtgeschichte.
=260  \\$aMainz$bVerlag Philipp von Zabern$c2010
=300  \\$a392 pages
=504  \\$aIncludes bibliographical references (pages 379-384) and index.
=590  \\$aHerausgegeben im Auftrag der Stadt Mainz
=650  \0$aHistory$1http://www.wikidata.org/entity/Q309$921403
=650  \0$aUrban design$1http://www.wikidata.org/entity/Q63100$939883
=650  \0$aArchitecture$1http://www.wikidata.org/entity/Q12271$93185
=650  \0$aBiography$1http://www.wikidata.org/entity/Q36279$91927
=650  \0$aCultural history$1http://www.wikidata.org/entity/Q858517$922395
=651  \0$aMainz (Germany)$1http://www.wikidata.org/entity/Q1720$9217
=700  \\$aDumont, Franz$d1945-$914816$4edt
=700  \\$aScherf, Ferdinand$914817$4edt
=942  \\$cBOO
=952  \\$00$10$2ddc$40$6TOP_DE__MAI$70$8TOP$912167$aORPH$bORPH$cKTS0$d2021-01-12$eKoopman$i25E06$l0$oTOP DE. MAI$p20129345$r2021-01-12 00:00:00$w2021-01-12$yBOO$OKoopman
=999  \\$d12184

