=LDR  00877cam a22002051  4500
=001  12189
=005  20250120120032.0
=008  770425r19721820gw\a\\\\\b\\\\000\0\ger\\
=020  \\$a3150001536
=040  \\$aOI
=100  \\$aHoffmann, E. T. A.$d1776-1822$1http://www.wikidata.org/entity/Q150471$911619
=245  10$aLebens-Ansichten des Katers Murr$bnebst fragmentarischer Biographie des Kapellmeisters Johannes Kreisler in zufälligen Makulaturblättern.$cMit Anhang und Nachwort. Hrsg. von Hartmut Steinecke.
=260  \\$aStuttgart,$bP. Reclam$c[1972]
=300  \\$a511 p.$billus.$c15 cm.
=490  0\$aUniversal-Bibliothek,$vNr. 153-158
=504  \\$aBibliography: p. 483-485.
=700  \\$aSteinecke, Hartmut$914822
=942  \\$cBOO
=952  \\$00$10$40$70$912172$aORPH$bORPH$cLOC_UNK$d2021-01-12$l0$p20129377$r2021-01-12 00:00:00$w2021-01-12$yTYPE_UNK$OKoopman
=999  \\$c12189$d12189

