=LDR  01726aam a2200265   4500
=001  12190
=008  250910s1995\\\\|||a||||\||||\00|\0\eng\d
=020  \\$a0712302972
=041  \\$aeng
=100  \\$aNeighbour, Oliver Wray$d1923-2015$1http://www.wikidata.org/entity/Q19800544$4dte$941165
=245  \\$aSundry sorts of music books:$bEssays on The British Library Collections, presented to O.W. Neighbour on his 70th birthday
=260  \\$c1993$aLondon$bBritish Library
=300  \\$a400 pages
=500  \\$aContains essays on music by Henry VIII, Tallis, Byrd, Cosyn, Handel, Mozart, Mendelssohn, Elgar, Janacek, Schoenberg, and others. 
=505  \\$gEssays by Alec Hyatt King, Margaret Bent, David Fallows, Joseph Kerman, Alan Brown, Davott Moroney, Philip Brett, Richard Turbet, Pamela Willetts, John Milsom, Iain Fenlon, Colin Timms, Winston Dean, Donald Burrows, Alan Tyson, Albi Rosenthal, Peter Ward Johnes, John A. Parkinson, Brian Trowell, Alain Frogley, Laszlo Somfai, Nigel Simeone, Nick Chadwick, David Drew, Donald Mitchell, Arnold Whittall, James Fuld
=610  \0$aBritish Library (London, United Kingdom)$1http://www.wikidata.org/entity/Q23308$91593
=650  \0$aLibrary$1http://www.wikidata.org/entity/Q7075$94229
=650  \0$aMusic history$1http://www.wikidata.org/entity/Q846047$921373
=651  \0$aLondon (United Kingdom)$1http://www.wikidata.org/entity/Q84$9123
=700  \\$aBanks, Chris$4edt$941162
=700  \\$aSearle, Arthur$4edt$941163
=700  \\$aTurner, Malcolm$4edt$941164
=942  \\$cBOO
=952  \\$00$10$2ddc$40$6BIB_4_000000000000000_GB_LON$70$8BIB$912173$aORPH$bORPH$cKTS0$d2021-01-12$eKoopman$i25E32$l0$oBIB4 GB.LON$p20129376$r2021-01-12 00:00:00$w2021-01-12$yBOO$OKoopman
=999  \\$d12190

