=LDR  00281    a2200097   4500
=001  12191
=245  \\$aLa musica a Verona
=260  \\$c1976
=942  \\$cBOO
=952  \\$00$10$40$70$912174$aORPH$bORPH$cLOC_UNK$d2021-01-12$l0$p20129394$r2021-01-12 00:00:00$w2021-01-12$yTYPE_UNK$OKoopman
=999  \\$c12191$d12191

