=LDR  01523aam a2200289   4500
=001  12194
=008  211126s1984\\\\\\\ao|||\||||\00|\0\dut\d
=020  \\$a9060175069
=041  \\$adut
=245  \\$aDe orgelkunst in de Nederlanden van de 16de tot de 18de eeuw
=260  \\$aAntwerp$aAmerongen$bMercatorfonds$bGaade$c1971$c1984
=300  \\$a341 pages
=648  \0$a16th Century (1501-1600)$1http://www.wikidata.org/entity/Q7017$920944
=648  \0$a17th Century (1601-1700)$1http://www.wikidata.org/entity/Q7016$920923
=648  \0$a18th Century (1701-1800)$1http://www.wikidata.org/entity/Q7015$920899
=650  \0$aOrgan$1http://www.wikidata.org/entity/Q1444$92810
=651  \0$aFlanders (Belgium)$1http://www.wikidata.org/entity/Q234$989
=651  \0$aNetherlands$1http://www.wikidata.org/entity/Q55$9173
=700  \\$4aut$aPeeters, Flor$d1903-1986$1http://www.wikidata.org/entity/Q715137$917486
=700  \\$4aut$aVente, Maarten Albert$d1915-1989$1http://www.wikidata.org/entity/Q1486565$919437
=700  \\$4aut$aPeeters, G.$923097
=700  \\$4aut$aPotvlieghe, Ghislain$d-1936$913351
=700  \\$4aut$aVisser, P.$915314
=942  \\$cBOO
=952  \\$00$10$2ddc$3later ed.$40$6INS_3_000000000000000_1A_NL$70$8INS$912177$aORPH$bORPH$cKTS0$d2020-07-08$eKoopman$i25F24$oINS3.1a NL$p20129407$r2021-01-12 00:00:00$w2021-01-12$yBOO
=952  \\$00$10$2ddc$3ed. 1971$40$6INS_3_000000000000000_1A_NL$70$8INS$926619$aORPH$bORPH$cKTS0$d2025-04-16$l0$oINS3.1a NL$p20144181$r2025-04-16 09:27:51$w2025-04-16$yBOO
=999  \\$d12194

