=LDR  01112nam a2200241 a 4500
=001  12198
=008  930818s1992\\\\gw\acg\\\b\\\\001\0\ger\\
=020  \\$a3920671023
=040  \\$aOI
=041  \\$ager
=245  04$aDie Mannheimer Hofkapelle im Zeitalter Carl Theodors
=260  \\$aMannheim$bPalatium$c1992
=300  \\$aviii-267 pages
=504  \\$aIncludes bibliographical references and index.
=600  \0$aKarl Theodor$cElector Palatine and Elector of Bavaria$d1724-1799$1http://www.wikidata.org/entity/Q44961$914826
=648  \0$a18th Century (1701-1800)$1http://www.wikidata.org/entity/Q7015$920899
=650  \0$aMusic history$1http://www.wikidata.org/entity/Q846047$921373
=651  \0$aMannheim (Germany)$1http://www.wikidata.org/entity/Q2119$9218
=700  \\$aFinscher, Ludwig$d1930-2020$1http://www.wikidata.org/entity/Q88586$918734
=700  \\$aBusch-Salmen, Gabriele$914827
=942  \\$cBOO
=952  \\$00$10$2ddc$40$6TOP_DE_MAN_5_000000000000000$70$8TOP$912181$aORPH$bORPH$cKTS0$d2021-01-12$eKoopman$l1$oTOP DE.MAN 5$p20121447$r2024-12-16 14:08:22$s2024-11-27$w2021-01-12$yBOO$OKoopman
=999  \\$d12198

