=LDR  01571aam a2200301   4500
=001  12199
=005  20250925143259.0
=008  250506s1967\\\\|||aoc||\||||\00|\0dger\d
=041  \\$ager
=245  \\$a350 Jahre Württembergisches Staatsorchester
=260  \\$c1967$aStuttgart
=300  \\$a108 pages
=610  \0$aStaatsorchester Stuttgart (Germany)$1http://www.wikidata.org/entity/Q2325129$940161
=648  \0$a17th Century (1601-1700)$1http://www.wikidata.org/entity/Q7016$920923
=648  \0$a18th Century (1701-1800)$1http://www.wikidata.org/entity/Q7015$920899
=648  \0$a19th Century (1801-1900)$1http://www.wikidata.org/entity/Q6955$920935
=648  \0$a20th Century (1901-2000)$1http://www.wikidata.org/entity/Q6927$920936
=650  \0$aMusic history$1http://www.wikidata.org/entity/Q846047$921373
=650  \0$aCappella$1http://www.wikidata.org/entity/Q19902156$922910
=650  \0$aOrchestra$1http://www.wikidata.org/entity/Q42998$93159
=650  \0$aConductor$1http://www.wikidata.org/entity/Q158852$93134
=650  \0$aConcert$1http://www.wikidata.org/entity/Q182832$921044
=651  \0$aStuttgart (Germany)$1http://www.wikidata.org/entity/Q1022$921909
=651  \0$aDuchy of Württemberg (Germany)$1http://www.wikidata.org/entity/Q2227570$940163
=710  \\$aStaatsorchester Stuttgart (Germany)$1http://www.wikidata.org/entity/Q2325129$4edt$940161
=942  \\$cBOO
=952  \\$00$10$2ddc$40$6TOP_DE_WUR$70$8TOP$912182$aORPH$bORPH$cKTS0$d2021-01-12$eKoopman$i28C4$l0$oTOP DE.WUR$p20121445$r2021-01-12 00:00:00$w2021-01-12$yBOO$OKoopman
=999  \\$d12199

