=LDR  01300cam a2200313 a 4500
=001  12201
=005  20250120115852.0
=008  950105s1993\\\\ne\a\\\\\b\\\\010\0\dut\c
=010  \\$a   95100895 
=020  \\$a907420404X
=040  \\$aDLC/CU$cCU$dDLC
=041  0\$adutfri
=042  \\$alcnccp
=043  \\$ae-ne---
=245  00$aMiscellanea Gentiana :$been bundel opstellen aangeboden aan J.J.M. van Gent bij zijn afscheid als bibliothecaris der Rijksuniversiteit Leiden /$conder redactie van C. Berkvens-Stevelinck, A. Th. Bouwman.
=260  \\$a[Leiden] :$bE.J. Brill/Universitaire Pers Leiden,$c1993.
=300  \\$axxiii, 318 p. :$bill. ;$c25 cm.
=504  \\$a"Bibliografie van Jacques van Gent": p. [xix]-xxiii.
=504  \\$aIncludes biblliographical references.
=546  \\$aOne contribution in Frisian.
=650  \0$aLibrary science$zNetherlands.
=650  \0$aInformation science$zNetherlands.
=651  \0$aNetherlands$xIntellectual life.$1http://www.wikidata.org/entity/Q55$9173
=700  1\$aGent, J. J. M. van$q(Jacobus Josephus Maria),$d1932-
=700  2\$aBerkvens-Stevelinck, C.
=700  1\$aBouwman, A. Th.
=952  \\$00$10$40$70$912184$aORPH$bORPH$cLOC_UNK$d2021-01-12$l0$p20123604$r2021-01-12 00:00:00$w2021-01-12$yTYPE_UNK$OKoopman
=999  \\$c12201$d12201
=942  \\$cBOO

