=LDR  00989cam a2200241 i 4500
=001  12243
=005  20250120115944.0
=008  800110s1979\\\\ne\a\\\\\b\\\\001\0\dut\\
=015  \\$aNe***
=020  \\$a9023303970
=040  \\$aOI
=100  \\$aSlechte, C. H.$914087
=245  10$a175 jaar Koninklijke Schouwburg, 1804-1979 /$c[samenstelling C. H. Slechte, G. Verstraete en L. van der Zalm].
=260  \\$a's-Gravenhage :$bKoninklijke Schouwburg,$c1979.
=300  \\$a159 p. :$bill. ;$c25 cm.
=504  \\$aBibliography: p. 154-155.
=610  \0$aKoninklijke Schouwburg (The Hague, Netherlands)$1http://www.wikidata.org/entity/Q2040000$91680
=700  \\$aVerstraete, Guus$914842
=700  \\$aZalm, L. van der$914843
=710  \\$aKoninklijke Schouwburg (The Hague, Netherlands)$1http://www.wikidata.org/entity/Q2040000$91680
=942  \\$cBOO
=952  \\$00$10$40$70$912226$aORPH$bORPH$cLOC_UNK$d2021-01-12$l0$p20123373$r2021-01-12 00:00:00$w2021-01-12$yTYPE_UNK$OKoopman
=999  \\$c12243$d12243

