=LDR  03819cam a2200385 a 4500
=001  12245
=005  20251001162312.0
=008  911218s1992\\\\nyua\\\\\b\\\\010\0\eng\\
=020  \\$a0945193297 :$c$48.00
=040  \\$aOI
=041  \\$aeng
=100  \\$4dte$aPalisca, Claude V.$d1921-2001$1http://www.wikidata.org/entity/Q3313135$913150
=245  00$aMusical Humanism and its Legacy:$bEssays in honor of Claude V. Palisca
=260  \\$aStuyvesant, NY$bPendragon$c1992
=300  \\$axi-543 pages$billustrations$c24 cm
=490  \\$aFestschrift Series$v11
=504  \\$aIncludes bibliographical references.
=505  \\$gHermes or Clio? The Transmission of Ancient Greek Music Theory / T. J. Mathiesen (3) -- Thimotheus at Sparta: The Nature of the Crima / M. Maas (37) -- Eriugena, Boethius and the Neoplatonism of Musica and Scolica enchiriadis / R. Erickson (53) -- Bottrigari Versus Sigonio: On Vicentino and His Ancient Music Adapted to Modern Practice / M. R. Maniates (79) -- The Self as a Taut String: Hobbes and Stoic Naturalism / J. C. Kassler (109) -- Sixteenth-Century Croatian Writers on Music: A Bridge Between East and West / S. Tuksar (129) -- Monteverdi's Three Genera: A Study in Terminology / B. Russano Hanning (145) -- Artusi, Monteverdi, and the Poetics of Modern Music / T. Carter (171) -- The Seconda pratica, or The Imperfections of the Composer's Voice / C. S. Brauner (195) -- Why Clemens non Papa Did Not Need a Secret Chromatic Art / E. S. Beebe (213) -- Text and Music in Rore's Madrigal Anchor che col partire / L. Lockwood (243) -- Text and Tone in Hassler's German Songs and Their Sacred Parodies / K. J. Snyder (253) -- Carissimi's Oratorios in Search of a Genre / B. C. Cannon (279) -- Rameau and the Comédie / R. P. Wolf (297) -- Poetry and Music: Two Episodes in a Durable Relationship / L. Plantinga (321) -- Gerade das Lied wie er dasteht: On Text and Meaning in Mendelssohn's Lieder ohne Worte / R. L. Todd (355) -- Patterns of Recapitulation in the First Movements of Mozart's Piano Concertos / J. R. Stevens (397) -- Mega-Text, Mega-Music: A Crucial Dilemma for German Romantic Opera / A. S. Garlington (381) -- An Ars Poetica for Music: Reicha's System of Syntax and Structure / N. Kovaleff Baker (419) -- Narrative and Lyric: Fundamental Poetic Forms of Composition / K. Berger (451) -- Generative Processes in a Debussy Prelude / A. Forte (471) -- Alban Berg's Four Songs, Op. 2: A Tribute to Schoenberg / B. R. Simms (487)
=600  \0$aBoethius$d480-524$1http://www.wikidata.org/entity/Q102851$95706
=600  \0$aRore, Cipriano de$d1515/16-1565$1http://www.wikidata.org/entity/Q316074$918024
=600  \0$aMonteverdi, Claudio$d1567-1643$1http://www.wikidata.org/entity/Q53068$910794
=600  \0$aCarissimi, Giacomo$d1605-1674$1http://www.wikidata.org/entity/Q312686$910544
=600  \0$aRameau, Jean-Philippe$d1683-1764$1http://www.wikidata.org/entity/Q1145$94787
=600  \0$aMozart, Wolfgang Amadeus$d1756-1791$1http://www.wikidata.org/entity/Q254$95341
=600  \0$aMendelssohn-Bartholdy, Felix$d1809-1847$1http://www.wikidata.org/entity/Q46096$94998
=600  \0$aBerg, Alban$d1885-1935$1http://www.wikidata.org/entity/Q78475$915987
=648  \0$aPast$1http://www.wikidata.org/entity/Q192630$922196
=650  \0$aMusic philosophy and aesthetics$1http://www.wikidata.org/entity/Q2092865$921165
=650  \0$aMusic theory$1http://www.wikidata.org/entity/Q193544$92662
=651  \0$aEurope$1http://www.wikidata.org/entity/Q46$991
=700  \\$aBaker, Nancy Kovaleff$d-1948$4edt$914846
=700  \\$aHanning, Barbara Russano$d1940-$4edt$914847
=942  \\$cBOO
=952  \\$00$10$2ddc$40$6REF_4_000000000000000_PALI$70$8REF$912228$aORPH$bORPH$cKM12_1$d2021-01-12$eKoopman$i30B57$oREF4 PALI$p20123370$r2021-01-12 00:00:00$w2021-01-12$yBOO
=999  \\$d12245

