=LDR  01577cam a2200313 a 4500
=001  12254
=005  20250120115852.0
=008  010910s2001\\\\enka\\\\\b\\\\101\0\eng\d
=010  \\$a  2002317683
=020  \\$a9061940397
=035  \\$a(OCoLC)ocm47933244
=040  \\$aEUW$cEUW$dOHX$dDLC
=042  \\$alccopycat
=043  \\$ae-ne---
=111  2\$aBookshop of the World$d(1999 :$cLondon, England)
=245  14$aThe bookshop of the world :$bthe role of the Low Countries in the book-trade, 1473-1941 /$cedited by Lotte Hellinga ... [et al.] ; assisted by Elaine Paintin.
=246  30$aRole of the Low Countries in the book-trade, 1473-1941
=260  \\$aGoy-Houten :$bHes & De Graaf,$cc2001.
=300  \\$a332 p. :$bill. ;$c25 cm.
=500  \\$a"Proceedings of a conference held in London 15-17 September 1999 organized by the Association for Low Countries Studies, University College London, Center for Dutch and Flemish  Cultute, The British Library, Dutch and Flemish Section, Wellcome Institute for the History of Medicine"--T.P. verso.
=504  \\$aIncludes bibliographical references and index.
=650  \0$aBook industries and trade$zNetherlands$xHistory$vCongresses.
=650  \0$aPublishers and publishing$zNetherlands$xHistory$vCongresses.
=650  \0$aBooks$zNetherlands$xHistory$vCongresses.
=700  1\$aHellinga, Lotte.
=952  \\$00$10$40$70$912237$aORPH$bORPH$cLOC_UNK$d2021-01-12$l0$p20121192$r2021-01-12 00:00:00$w2021-01-12$yTYPE_UNK$OKoopman
=999  \\$c12254$d12254
=651  \0$aNetherlands$1http://www.wikidata.org/entity/Q55$9173
=942  \\$cBOO

