=LDR  00970cam a2200229 a 4500
=001  12255
=005  20250120120226.0
=008  080509s2006\\\\ne\a\\\\\b\\\\001\0\dut\\
=020  \\$a9059970284
=020  \\$a9789059970281
=040  \\$aOI
=245  00$aBronnen van kennis :$bwetenschap, kunst en cultuur in de collecties van de Leidse Universiteitsbibliotheek /$credactie, Paul Hoftijzer, ... [et al].
=260  \\$aLeiden :$aPrimavera Pers,$c2006.
=300  \\$a279 p. :$bill. (some col.) ;$c25 cm.
=504  \\$aIncludes bibliographical references.
=610  \0$aUniversiteit Leiden (Netherlands)$1http://www.wikidata.org/entity/Q156598$922381
=650  \0$aLibrary$1http://www.wikidata.org/entity/Q7075$94229
=651  \0$aNetherlands$1http://www.wikidata.org/entity/Q55$9173
=700  \\$aHoftijzer, P. G.$911631
=942  \\$cBOO
=952  \\$00$10$40$70$912238$aORPH$bORPH$cLOC_UNK$d2021-01-12$l0$p20121191$r2021-01-12 00:00:00$w2021-01-12$yTYPE_UNK$OKoopman
=999  \\$d12255

