=LDR  00756    a2200181   4500
=001  12260
=008  210826t1970\\\\\\\|||||\||||\00|\0\mul\d
=041  \\$ager$afre
=245  \\$aBericht über den internationalenMusikwissenschaftlichen Kongress Leipzig 1966
=260  \\$c1970$aKassel$bBärenreiter
=300  \\$a571 pages
=700  \\$4edt$aDahlhaus, Carl$d1928-1989$916277
=700  \\$4edt$aKluge, Reiner$922087
=700  \\$4edt$aMeyer, Ernst Hermann$d1905-1988$912742
=700  \\$4edt$aWiora, Walter$d1906-1997$1http://www.wikidata.org/entity/Q101241$916876
=942  \\$cBOO
=952  \\$00$10$2ddc$40$6REF_3_000000000000000_DAHL$70$8REF$912243$aORPH$bORPH$cKM12_1$d2021-01-12$eKoopman$i30E02$oREF3 DAHL$p20123366$r2021-01-12 00:00:00$w2021-01-12$yBOO
=999  \\$d12260

