=LDR  01101cam a2200253 i 4500
=001  12271
=005  20250120115954.0
=008  800510s1979\\\\pl\afh\\\b\\\\011\0\pol\\
=015  \\$aP79-4362
=020  \\$a8322401051 :$czł160.00
=040  \\$aOI
=041  0\$apolenggeritarus
=245  00$aStudia musicologica aesthetica, theoretica, historica /$c[zespół red. Elżbieta Dziębowska ... et al.].
=250  \\$aWyd. 1.
=260  \\$aKraków :$bPolskie Wydaw. Muzyczne,$c1979$e(Krak. :$fDNar 1)
=300  \\$a440, [2] p., [5] leaves of plates (1 fold.) :$bill., facsims. ;$c25 cm.
=504  \\$a"Bibliografia prac Prof. dr Zofii Lissy": p. 11-[47]
=600  \0$aLissa, Zofia$d1908-1980$1http://www.wikidata.org/entity/Q218308$914863
=700  \\$aLissa, Zofia$d1908-1980$1http://www.wikidata.org/entity/Q218308$914863
=700  \\$aDziębowska, Elżbieta$914864
=942  \\$cBOO
=952  \\$00$10$40$70$912254$aORPH$bORPH$cLOC_UNK$d2021-01-12$l0$p20123340$r2021-01-12 00:00:00$w2021-01-12$yTYPE_UNK$OKoopman
=999  \\$c12271$d12271
=650  \0$aMusic history$1http://www.wikidata.org/entity/Q846047$921373

