=LDR  00642    a2200157   4500
=001  12272
=008  210823t1985\\\\||||||||\||||\01|\0\eng\d
=020  \\$a0647588886
=100  \\$aWard, John M.$d1917-2011$4dte$1http://www.wikidata.org/entity/Q17151633$915408
=245  \\$aMusic and Context.$bEssays for John M. Ward
=260  \\$c1985$aHarvard$bDepartment of Music Harvard University
=300  \\$a486 pages
=700  \\$4edt$aShapiro, Anne Dhu$922077
=942  \\$cBOO
=952  \\$00$10$2ddc$40$6REF_4_000000000000000_WARD$70$8REF$912255$aORPH$bORPH$cKM12_1$d2020-07-09$eKoopman$i30E29$oREF4 WARD$p20123338$r2021-01-12 00:00:00$w2021-01-12$yBOO
=999  \\$d12272

