=LDR  01052cam a22002534a 4500
=001  12279
=005  20250120115931.0
=008  010615s2000\\\\gw\a\\\\\b\\\\101\0\mul\\
=020  \\$a3761815360 (pbk.)
=040  \\$aOI
=041  0\$ager
=245  10$aMusikkonzepte--Konzepte der Musikwissenschaft :$bBericht über den Internationalen Kongress der Gesellschaft für Musikforschung Halle (Saale) 1998. Band 2: Freie Referate
=246  18$aKongressbericht Halle 1998
=260  \\$aKassel$aNew York$bBärenreiter$c2000
=300  \\$a692 pages$bill. ;$c24 cm.
=504  \\$aIncludes bibliographical references and indexes.
=546  \\$aContributions in German and English.
=650  \0$aMusic$92062
=700  \\$aEberl, Kathrin$4edt$914867
=700  \\$aRuf, Wolfgang$4edt$916842
=710  \\$aGesellschaft für Musikforschung (Kassel, Germany)$91687
=942  \\$cBOO
=952  \\$00$10$2ddc$40$6REF_3_000000000000000_EBER$70$8REF$912262$aORPH$bORPH$cKM12_1$d2021-01-12$eKoopman$i31A05-b$oREF3 EBER$p20121167$r2021-01-12 00:00:00$w2021-01-12$yBOO
=999  \\$d12279

