=LDR  02041cim a22003017a 4500
=001  12280
=005  20250120120124.0
=007  stuouncmunnnu
=007  stuomndmannnu
=008  930810s1958\\\\pe\nnn\\\\\\\\\p\\\\spa\\
=040  \\$aOI
=100  \\$aSalazar Bondy, Sebastián$914869
=245  10$aPeruvian poet and playwright Sebastián Salazar Bondy reading from his poetry$h[sound recording].
=260  \\$c1958.
=300  \\$a1 sound tape reel (ca. 26 min.) :$banalog, 7 1/2 ips ;$c7 in.
=306  \\$a002600
=518  \\$aRecorded Sept. 15, 1958, USIS, Lima.
=510  4\$aArchive of Hisp. Lit. on Tape,$cp. 432-434.
=520  \\$aMr. Salazar Bondy reads fifteen poems from his collected volumes, Conducta sentimental and Confidencia en alta voz.
=505  0\$aFrom Confidencia en alta voz: Confidencia el alta voz (min. 00:03); El poeta conoce la poesía (min. 01:55); Costa y mujer (min. 03:24); Elogio de la carne (min. 06:17); Remordimiento en alguna calle (min. 07:37); El domingo (min. 13:58); Confidencia (Cita en el bullicio) (min. 14:58); Tres valces criollos (min. 16:00); Los amigos (min. 19:15); Pueblo español (min. 20:20); Desde el corazón (min. 21:41); Sueño del extranjero (min. 22:47); Como una religión (min. 22:07); El sol de España (Adios en Santander) (min. 25:10) -- From Conducta sentimental: Todo esto es mi país (min. 08:54).
=533  \\$aPreservation master.$bWashington, D.C. :$cLibrary of Congress Magnetic Recording Laboratory,$d1979.$eOn 1 sound tape reel : analog, 7 1/2 ips, full track, mono. ; 10 in.
=530  \\$aAlso available in digital form on the Library of Congress Web site.
=650  \0$aPoetry$1http://www.wikidata.org/entity/Q482$93026
=710  \\$aLibrary of Congress (Washington DC, USA)$1http://www.wikidata.org/entity/Q131454$91690
=856  41$dgdcahlot$f2017912-3-1$uhttp://hdl.loc.gov/loc.mbrsrs/ahlot.93842674
=942  \\$cBOO
=952  \\$00$10$2ddc$40$70$8COLL_UNK$912263$aORPH$bORPH$cLOC_UNK$d2021-01-12$r2021-01-12 00:00:00$w2021-01-12$yBOO$OKoopman
=999  \\$c12280$d12280

