=LDR  01273cam a22002771a 4500
=001  12292
=005  20250120120905.0
=007  cr_|||||||||||
=008  780913s1885\\\\paua\\\\\\\\\\000\0\eng\\
=040  \\$aOI$beng
=041  1\$aengfre
=245  04$aThe baptismal register of Fort Duquesne, (from June, 1754, to Dec. 1756) /$ctranslated, with an introductory essay and notes, by Rev. A. A. Lambing ...
=246  34$aRegister of Fort Duquesne ...
=260  \\$aPittsburgh, Pa. :$bPrinted by Myers, Shinkle & Co.,$c1885.
=300  \\$a97 p. :$bill. ;$c32 cm.
=530  \\$aAlso available in digital form.
=610  \0$aFort Duquesne (Pittsburgh, PA, USA)$1http://www.wikidata.org/entity/Q209679$925643
=650  \0$aRegisters of births, etc.$94228
=651  \0$aPittsburgh (PA, USA)$1http://www.wikidata.org/entity/Q1342$9222
=700  \\$aLambing, Andrew Arnold$d1842-1918$914873
=700  \\$aShea, John Gilmary,$d1824-1892.$914874
=710  \\$5DLC$aLibrary of Congress (Washington DC, USA)$1http://www.wikidata.org/entity/Q131454$91690
=856  41$uhttp://hdl.loc.gov/loc.gdc/scd0001.00143131208
=942  \\$cBOO
=952  \\$00$10$2ddc$40$70$912275$aORPH$bORPH$cLOC_UNK$d2021-01-12$l0$p20143962$r2021-01-12 00:00:00$w2021-01-12$yTYPE_UNK$OKoopman
=999  \\$c12292$d12292

