=LDR  01413cam a2200241 a 4500
=001  12297
=005  20250926134856.0
=008  030307s2002\\\\gw\ag\\\\b\\\\101\0dger\c
=041  \\$ager
=100  \\$aSandberger, Wolfgang$d1961-$1http://www.wikidata.org/entity/Q83487968$4edt$914877
=245  10$aBach, Lübeck und die norddeutsche Musiktradition:$bBericht über das Internationale Symposion der Musikhochschule Lübeck April 2000
=260  \\$aKassel$aNew York$bBärenreiter$c2002
=300  \\$a288 pages
=504  \\$aIncludes bibliographical references and index.
=505  2\$aNordeutsche Musikkultur um 1700 -- Aufführungspraxis zur Zeit des jungen Bach -- Bachs kompositorische Erfahrungen mit der norddeutschen Musikkultur.
=590  \\$aVeranstaltet in Verbindung mit der Hansestadt Lübeck und den musikwissenschaftlichen Instituten der Universitäten Kiel und Hamburg
=600  \0$aBach, Johann Sebastian$d1685-1750$1http://www.wikidata.org/entity/Q1339$94766
=648  \0$a18th Century (1701-1800)$1http://www.wikidata.org/entity/Q7015$920899
=650  \0$aMusic history$1http://www.wikidata.org/entity/Q846047$921373
=651  \0$aLübeck (Germany)$1http://www.wikidata.org/entity/Q2843$9125
=942  \\$cBOO
=952  \\$00$10$2ddc$40$6TOP_DE_LUB_5_000000000000000$70$8TOP$912280$aORPH$bORPH$cKTS0$d2021-01-12$eKoopman$i31E29$l0$oTOP DE.LUB 5$p20123202$r2021-01-12 00:00:00$w2021-01-12$yBOO
=999  \\$d12297

