=LDR  00280    a2200097   4500
=001  12298
=245  \\$aDierbaar magazijn
=260  \\$c1995
=942  \\$cBOO
=952  \\$00$10$40$70$912281$aORPH$bORPH$cLOC_UNK$d2021-01-12$l0$p20123201$r2021-01-12 00:00:00$w2021-01-12$yTYPE_UNK$OKoopman
=999  \\$c12298$d12298

