=LDR  00747    a2200181   4500
=001  12299
=008  210826t1972\\\\\\\|||||\||||\00|\0\mul\d
=020  \\$a8774550268
=041  \\$aeng$ager$afre
=245  \\$aInternational Musicological Society. Report of the eleventh congress Copenhagen 1972.$p1/2
=260  \\$c1972$aCopenhagen$bWilhelm Hansen
=300  \\$a456 pages
=700  \\$4edt$aGlahn, Henrik $911138
=700  \\$4edt$aSørensen, Søren$d1920-2001$914975
=700  \\$4edt$aRyom, Peter$d-1937$1http://www.wikidata.org/entity/Q1369400$913700
=942  \\$cBOO
=952  \\$00$10$2ddc$40$6REF_3_000000000000000_GLAH$70$8REF$912282$aORPH$bORPH$cKM12_1$d2021-01-12$eKoopman$i31E34-1$oREF3 GLAH$p20123198$r2021-01-12 00:00:00$w2021-01-12$yBOO
=999  \\$d12299

