=LDR  00841aam a2200181   4500
=001  12301
=008  241217s1953\\\\||||||||\||||\10|\0\fre\d
=041  \\$afre$aeng$ager
=100  \\$aFedorov, V.$4edt$939330
=110  \\$aInternational Association of Music Libraries$1http://www.wikidata.org/entity/Q1667506$91568
=245  \\$aTroisième Congrès International des Bibliothèques musicales, Paris 22-25 juillet 1951.$bActes du congres
=260  \\$c1953$aKassel$bBärenreiter
=300  \\$a92 pages
=650  \0$aLibrary$1http://www.wikidata.org/entity/Q7075$94229
=650  \0$aBibliography$1http://www.wikidata.org/entity/Q134995$93965
=942  \\$cBOO
=952  \\$00$10$2ddc$40$6BIB_3_000000000000000_FEDO$70$8BIB$912284$aORPH$bORPH$cKTS0$d2021-01-12$eKoopman$i31E42$l0$oBIB3 FEDO$p20123190$r2021-01-12 00:00:00$w2021-01-12$yBOO$OKoopman
=999  \\$d12301

