=LDR  01104aam a2200229   4500
=001  12310
=005  20251103163853.0
=008  251103s1989\\\\|||ga|||\||||\001\0|ita\d
=041  \\$aita
=245  \\$aTradizione e stile.$bAtti del II convegno internazionale di studi sul tema La Musica Sacra in area Lombardo-Padana nella seconda metà del '600.
=260  \\$c1989$aComo$bAntiquae Musicae Italicae Studiosi
=300  \\$a306 pages
=490  \\$aContributi musicologici del Centro Ricerche dell'A.M.I.S - Como$v5
=648  \0$a17th Century (1601-1700)$1http://www.wikidata.org/entity/Q7016$920923
=650  \0$aChurch music$1http://www.wikidata.org/entity/Q8812109$1http://www.wikidata.org/entity/Q1065742$92283
=651  \0$aItaly$1http://www.wikidata.org/entity/Q38$922
=700  \\$aColzani, Alberto$4edt$941728
=700  \\$aLuppi, Andrea$4edt$941729
=700  \\$aPadoan, Maurizio$4edt$913143
=942  \\$cBOO
=952  \\$00$10$2ddc$40$6TOP_IT_5_000000000000000$70$8TOP$912293$aORPH$bORPH$cKTS0$d2021-01-12$eKoopman$i31F16$l0$oTOP IT 5$p20123158$r2021-01-12 00:00:00$w2021-01-12$yBOO$OKoopman
=999  \\$d12310

