=LDR  00326    a2200109   4500
=001  12326
=020  \\$a9788879702959
=245  \\$aSanta Maria degli Angiolini a Fir
=260  \\$c2006
=942  \\$cBOO
=952  \\$00$10$40$70$912309$aORPH$bORPH$cLOC_UNK$d2021-01-12$l0$p20121011$r2021-01-12 00:00:00$w2021-01-12$yTYPE_UNK$OKoopman
=999  \\$c12326$d12326

