=LDR  01702nam a22002175i 4500
=001  12342
=005  20250908102943.0
=008  200820s2020\\\\mau\\\\\\\\\\\000\0\eng\\
=020  \\$a9781839104947
=040  \\$aOI$beng$erda
=041  \\$aeng
=100  \\$aWodecki, Andrzej$4aut$914902
=245  10$aArtificial Intelligence in Management:$bSelf-Learning and Autonomous Systems as Key Drivers of Value Creation
=260  \\$aNorthampton$bEdward Elgar Publishing$c2020
=300  \\$a224 pages
=520  \\$a"Autonomous systems are on the frontiers of Artificial Intelligence (AI) research, and they are slowly finding their business applications. Driven mostly by Reinforcement Learning (RL) methods (one of the most difficult, but also the most promising modern AI algorithms), autonomous systems help create self-learning and self-optimizing systems, ranging from simple game-playing agents to robots able to efficiently act in completely new environments. Based on in-depth study of more than 100 projects, Andrzej Wodecki explores RL as a key component of modern digital technologies, its real-life applications to activities in a value chain and the ways in which it impacts different industries. Artificial Intelligence in Management will help project leaders, decision makers and investors evaluate new autonomous projects and will serve as an inspiring guide for future research"
=650  \0$aArtificial intelligence$1http://www.wikidata.org/entity/Q11660$92413
=650  \0$aTechnology$1http://www.wikidata.org/entity/Q11016$921633
=942  \\$cBOO
=952  \\$00$10$2ddc$40$6SCI_WODE$70$8SCI$912325$aORPH$bORPH$cLOC_UNK$d2021-01-12$oSCI WODE$r2021-01-12 00:00:00$w2021-01-12$yBOO$OKoopman
=999  \\$d12342

