=LDR  01251cam a22002774a 4500
=001  12346
=005  20250121142129.0
=008  041227s2004\\\\it\ab\\\\bc\\\000\0dita\\
=020  \\$a8851002177
=040  \\$aOI
=041  \\$aita
=100  \\$4art$aTraversi, Gaspare$d1722/23-1770$1http://www.wikidata.org/entity/Q1388163$913448
=245  00$aLuce sul Settecento:$bGaspare Traversi e l'arte del suo tempo in Emilia
=260  \\$aNaples$bElecta$c2004
=300  \\$a264 p. :$bill. (some col.), maps ;$c28 cm.
=504  \\$aIncludes bibliographical references (p. 256-264).
=590  \\$aa cura di Lucia Fornari Schianchi e Nicola Spinosa
=600  \0$aTraversi, Gaspare$d1722/23-1770$1http://www.wikidata.org/entity/Q1388163$913448
=648  \0$a18th Century (1701-1800)$1http://www.wikidata.org/entity/Q7015$920899
=650  \0$aFine art$1http://www.wikidata.org/entity/Q219625$921579
=651  \0$aEmilia-Romagna (Italy)$1http://www.wikidata.org/entity/Q1263$922021
=700  \\$aFornari Schianchi, Lucia$4edt$914906
=700  \\$aSpinosa, Nicola$4edt$914905
=942  \\$cBOO
=952  \\$00$10$2ddc$40$6BIO_TRAV_E$70$8BIO$912329$aORPH$bORPH$cKTS1_P$d2020-07-09$eKoopman$i32B39$oBIO TRAV e$p20122927$r2021-01-12 00:00:00$w2021-01-12$yBOO
=999  \\$d12346

