=LDR  01202aam a2200241   4500
=001  12349
=008  210504s1980\\\\\\\|||||\||||\00|\0dger\d
=041  \\$ager
=100  \\$aWalterskirchen, Gerhard$4edt$910538
=245  \\$aBiber und Muffat:$bSalzburger Komponisten zur Zeit des Hochbarock
=260  \\$aSalzburg$bGattermair$c1980
=300  \\$a52 pages
=490  \\$aJahresschrift 1980 der Salzburger Bachgesellschaft
=600  \0$aBiber, Heinrich Ignaz Franz$d1644-1704$1http://www.wikidata.org/entity/Q153455$99605
=600  \0$aMuffat, Georg$d1653-1704$1http://www.wikidata.org/entity/Q170401$97221
=648  \0$a17th Century (1601-1700)$1http://www.wikidata.org/entity/Q7016$920923
=648  \0$a18th Century (1701-1800)$1http://www.wikidata.org/entity/Q7015$920899
=650  \0$aBiography$1http://www.wikidata.org/entity/Q36279$91927
=650  \0$aMusic history$1http://www.wikidata.org/entity/Q846047$921373
=651  \0$aSalzburg (Austria)$1http://www.wikidata.org/entity/Q34713$921433
=942  \\$cBOO
=952  \\$00$10$2ddc$40$6TOP_AT_SAL_5_000000000000000$70$8TOP$912332$aORPH$bORPH$cKTS0$d2021-01-12$eKoopman$i32C20$l0$oTOP AT.SAL 5$p20122900$r2021-01-12 00:00:00$w2021-01-12$yBOO
=999  \\$d12349

