=LDR  00990cam a2200253 i 4500
=001  12365
=005  20250120120228.0
=008  170828s2017\\\\bl\\\\\\\b\\\\000\0\por\\
=020  \\$a9788551901250
=040  \\$aOI$beng$erda
=100  \\$aCardoso, Paulo Mauricio Sales$4aut$914914
=245  12$aA natureza jurídica das empresas estatais e as repercussões no campo tributário /$cPaulo Mauricio Sales Cardoso.
=264  \1$aRio de Janeiro :$bEditora Lumen Juris,$c2017.
=300  \\$axiii, 171 pages ;$c21 cm.
=336  \\$atext$btxt$2rdacontent
=337  \\$aunmediated$bn$2rdamedia
=338  \\$avolume$bnc$2rdacarrier
=490  0\$aLumen Juris Direito
=504  \\$aIncludes bibliographical references (pages 165-171).
=650  \0$aGovernment business enterprises$94257
=650  \0$aGovernment business enterprises$94257
=942  \\$cBOO
=952  \\$00$10$40$70$912348$aORPH$bORPH$cLOC_UNK$d2021-01-12$l0$p20122776$r2021-01-12 00:00:00$w2021-01-12$yTYPE_UNK$OKoopman
=999  \\$c12365$d12365

