=LDR  01479cam a22003014a 4500
=001  12376
=005  20250120115956.0
=008  010417s2000\\\\it\a\\\\\b\\\\000\0\ita\\
=020  \\$a8881188546
=040  \\$aOI
=245  00$aColori della musica :$bdipinti, strumenti e concerti tra Cinquecento e Seicento /$ca cura di Annalisa Bini, Claudio Strinati, Rossella Vodret.
=260  \\$aMilan$bSkira,$cc2000.
=300  \\$a293 p. :$bill. (some col.)  ;$c28 cm.
=504  \\$aIncludes bibliographical references (p. 279-291).
=648  \0$a15th Century (1401-1500)$1http://www.wikidata.org/entity/Q7018$921015
=648  \0$a16th Century (1501-1600)$1http://www.wikidata.org/entity/Q7017$920944
=648  \0$a17th Century (1601-1700)$1http://www.wikidata.org/entity/Q7016$920923
=650  \0$aOrganology$1http://www.wikidata.org/entity/Q899293$921400
=650  \0$aFine art$1http://www.wikidata.org/entity/Q219625$921579
=651  \0$aItaly$1http://www.wikidata.org/entity/Q38$922
=700  \\$aBini, Annalisa$914919
=700  \\$aStrinati, Claudio M.$914920
=700  \\$aVodret Adamo, Rossella$914921
=710  \\$aGalleria nazionale d'arte antica (Rome, Italy)$1http://www.wikidata.org/entity/Q2266081$91713
=710  \\$aSpedale di Santa Maria della Scala (Siena, Italy)$91714
=942  \\$cBOO
=952  \\$00$10$2ddc$40$6VIS_BINI$70$8VIS$912359$aORPH$bORPH$cKTS1_H$d2021-01-12$eKoopman$i33B27$l0$oVIS BINI$p20122752$r2021-01-12 00:00:00$w2021-01-12$yBOO$OKoopman
=999  \\$d12376

