=LDR  00773aam a2200157   4500
=001  12378
=008  210817t1955\\\\||||||||\||||\01|\0\fre\d
=041  \\$afre
=100  \\$aMasson, Paul-Marie$4dte$922000
=245  \\$aMélanges d'histoire et d'esthétique musicales.$bOfferts à Paul-Marie Masson$nvols. 1-2
=260  \\$c1955$aParis$bRichard-Massé
=300  \\$a2 vols. (194-222 pages)
=942  \\$cBOO
=952  \\$00$10$2ddc$3vol.1$40$6REF_4_000000000000000_MASS$70$8REF$912361$aORPH$bORPH$cKM12_1$d2021-01-12$eKoopman$i33C24-1$oREF4 MASS$p20123002$r2021-01-12 00:00:00$w2021-01-12$yBOO
=952  \\$00$10$2ddc$3vol. 2$40$6REF_4_000000000000000_MASS$70$8REF$912362$aORPH$bORPH$cKM12_1$d2021-01-12$eKoopman$i33C24-2$oREF4 MASS$p20123001$r2021-01-12 00:00:00$w2021-01-12$yBOO
=999  \\$d12378

