=LDR  01457aam a2200241   4500
=001  12381
=008  250217s2004\\\\|||a||||\||||\00|\0\ger\d
=020  \\$a3931479544
=041  \\$ager
=245  \\$aJohann Anastasius Freylinghausen (1670 Gandersheim - 1739 Halle).$bLebens-Lauf eines pietistischen Theologen und Gesangbuchherausgebers
=260  \\$c2004$aHalle$bFranckesche Stiftungen
=300  \\$a48 pages
=490  \\$aKataloge der Franckeschen Stiftungen$v14
=590  \\$aKatalog zur Ausstellung der Franckeschen Stiftungen aus Anlass des Jubliäums "300 Jahre Freylinghausensches Gesangbuch", Museum der Stadt Bad Gandersheim, 4. Juli bis 19. September 2004, Franckesche Stiftungen zu Halle, 29. September bis 12. Dezember 2004.
=600  10$aFreylinghausen, Johann Anastasius$d1670-1739$1http://www.wikidata.org/entity/Q73193$97392
=648  \0$a18th Century (1701-1800)$1http://www.wikidata.org/entity/Q7015$920899
=650  \0$aPublishing$1http://www.wikidata.org/entity/Q3972943$93049
=650  \0$aChurch music$1http://www.wikidata.org/entity/Q8812109$1http://www.wikidata.org/entity/Q1065742$92283
=651  \0$aHalle (Saale, Germany)$1http://www.wikidata.org/entity/Q2814$921799
=700  \\$aMiersemann, Wolfgang$4edt$939700
=942  \\$cBOO
=952  \\$00$10$2ddc$40$6BIB_4_000000000000000_DE_FREY$70$8BIB$912364$aORPH$bORPH$cKTS0$d2021-01-12$eKoopman$i33C33$l0$oBIB4 DE FREY$p20130313$r2021-01-12 00:00:00$w2021-01-12$yBOO$OKoopman
=999  \\$d12381

