=LDR  00890cam a2200241 a 4500
=001  12382
=005  20250120120228.0
=008  811107s1980\\\\gw\acfg\\b\\\\011\0\ger\\
=015  \\$aGFR***
=020  \\$a3873280329
=040  \\$aOI
=041  0\$ager
=100  \\$4dte$aHenle, Günter$d1899-1979$914928
=245  00$aMusik, Edition, Interpretation. Gedenkschrift Günter Henle
=260  \\$aMünchen$bHenle$c1980
=300  \\$a487 pages
=504  \\$aIncludes bibliographical references and index.
=650  \0$aText$1http://www.wikidata.org/entity/Q234460$94267
=700  \\$aBente, Martin$4edt$911195
=942  \\$cBOO
=952  \\$00$10$2ddc$40$6REF_4_000000000000000_HENL$70$8REF$912365$aORPH$bORPH$cKM12_1$d2021-01-12$eKoopman$i33C35$l0$oREF 4 HENL$p20122991$r2021-01-12 00:00:00$w2021-01-12$yBOO
=999  \\$c12382$d12382
=650  \0$aMusic history$1http://www.wikidata.org/entity/Q846047$921373

