=LDR  01254nam a2200265 a 4500
=001  12384
=005  20250120120150.0
=008  920413s1991\\\\ne\a\\\\\bc\\\001\0\dut\\
=020  \\$a9024268052
=040  \\$aOI
=245  00$aPsalmzingen in de Nederlanden :$bvanaf de zestiende eeuw tot heden : een bundel studies /$conder eindredactie van J. de Bruijn ; met de catalogus van de gelijknamige tentoonstelling, samengesteld door W. Heijting, M. van den Heuvel.
=260  \\$aKampen :$bJ.H. Kok,$c1991.
=300  \\$a326 p. :$bill. ;$c24 cm.
=504  \\$aIncludes bibliographic references and index.
=650  \0$aPsalm$1http://www.wikidata.org/entity/Q12497663$92164
=650  \0$aVocal music$1http://www.wikidata.org/entity/Q685884$93319
=650  \0$aPsalm$1http://www.wikidata.org/entity/Q12497663$92164
=650  \0$aVocal music$1http://www.wikidata.org/entity/Q685884$93319
=651  \0$aNetherlands$1http://www.wikidata.org/entity/Q55$9173
=700  \\$aBruijn, J. de$914929
=700  \\$aHeijting, W.$911478
=942  \\$cBOO
=952  \\$00$10$40$70$912367$aORPH$bORPH$cLOC_UNK$d2021-01-12$l0$p20122988$r2021-01-12 00:00:00$w2021-01-12$yTYPE_UNK$OKoopman
=999  \\$c12384$d12384
=650  \0$aMusic history$1http://www.wikidata.org/entity/Q846047$921373

