=LDR  01319cam a22002771i 4500
=001  12388
=005  20250128120921.0
=008  740405s1971\\\\gw\ag\\\\b\\\\100\0\mul
=015  \\$aGFR73-A46
=020  \\$a3761801467 :$cDM96.00
=040  \\$aOI
=041  0\$ager$aeng$afre
=245  00$aBericht über den Internationalen Musikwissenschaftlichen Kongress Bonn 1970$cBericht über das Symposium "Reflexionen über Musikwissenschaft heute"
=260  \\$aKassel, Basel, Tours, London$bBärenreiter-Verlag$c1971
=300  \\$axxii, 714 pages$bill., music. ;$c24 cm.
=504  \\$aIncludes bibliographical references.
=650  \0$aMusic$92062
=700  \\$aDahlhaus, Carl$d1928-1989$4edt$916277
=700  \\$aMarx, Hans Joachim$d1935-$4edt$1http://www.wikidata.org/entity/Q18625182$912635
=700  \\$aMarx-Weber, Magda$d1941-2017$4edt$1http://www.wikidata.org/entity/Q72937850$912634
=700  \\$aMassenkeil, Günther$d1926-2014$4edt$912197
=700  \\$aEggebrecht, Hans Heinrich$d1919-1999$4edt$1http://www.wikidata.org/entity/Q87434$917560
=710  \\$aGesellschaft für Musikforschung (Kassel, Germany)$91687
=942  \\$cBOO
=952  \\$00$10$2ddc$40$6REF_3_000000000000000_DAHL$70$8REF$912371$aORPH$bORPH$cKM12_1$d2021-01-12$eKoopman$i33D04$oREF3 DAHL$p20122746$r2021-01-12 00:00:00$w2021-01-12$yBOO
=999  \\$d12388

