=LDR  00932aam a2200205   4500
=001  12392
=005  20250925143300.0
=008  210826t1954\\\\\\\|||||\||||\10|\0\mul\d
=041  \\$ager$afre$aeng
=245  \\$aKongress-Bericht Gesellschaft für Musikforschung Bamberg 1953
=260  \\$aKassel$bBärenreiter$c1954
=300  \\$a306 pages
=648  \0$a20th Century (1901-2000)$1http://www.wikidata.org/entity/Q6927$920936
=650  \0$aMusicology$1http://www.wikidata.org/entity/Q164204$93925
=700  \\$4edt$aBrennecke, Wilfired$d1926-2012$1http://www.wikidata.org/entity/Q2571133$99883
=700  \\$4edt$aKahl, Willi$d1893-1962$1http://www.wikidata.org/entity/Q19960006$911923
=700  \\$4edt$aSteglich, Rudolf$d1886-1976$914206
=942  \\$cBOO
=952  \\$00$10$2ddc$40$6REF_3_000000000000000_BREN$70$8REF$912375$aORPH$bORPH$cKM12_1$d2021-01-12$eKoopman$i33D27$oREF3 BREN$p20122722$r2021-01-12 00:00:00$w2021-01-12$yBOO
=999  \\$d12392

