=LDR  01215cam a2200313 a 4500
=001  12393
=005  20250120120116.0
=008  011130s2001\\\\gw\ag\\\\b\\\\011\0\ger\d
=010  \\$a  2002411864
=016  7\$a961347406$2GyFmDB
=020  \\$a3932676076 (pbk.)
=035  \\$a(OCoLC)ocm48267615
=040  \\$aOHX$cOHX$dOSU$dBOS$dDLC
=041  \\$ager
=042  \\$alccopycat
=072  \7$aML$2lcco
=100  \\$4dte$aGeck, Martin$d1936-2019$1http://www.wikidata.org/entity/Q100880$917580
=245  00$aMartin Geck. Festschrift zum 65. Geburtstag
=260  \\$aDortmund$bKlangfarben$c2001
=300  \\$a492 pages$bill., music ;$c24 cm.
=504  \\$a"Schriftenverzeichnis Martin Geck": p. [477]-486.
=504  \\$aIncludes bibliographical references and index.
=650  \0$aMusical analysis$1http://www.wikidata.org/entity/Q1544924$92775
=700  \\$aRolf, Ares.$4edt$914940
=700  \\$aTadday, Ulrich$4edt$915970
=942  \\$cBOO
=952  \\$00$10$2ddc$40$6REF_4_000000000000000_GECK$70$8REF$912376$aORPH$bORPH$cKM12_1$d2021-01-12$eKoopman$i33D29$l0$oREF 4 GECK$p20122720$r2021-01-12 00:00:00$w2021-01-12$yBOO
=999  \\$c12393$d12393
=650  \0$aMusic history$1http://www.wikidata.org/entity/Q846047$921373

