=LDR  00868nam a2200229 a 4500
=001  12394
=005  20250120120010.0
=008  960801s1996\\\\ne\a\\\\\b\\\\001\0\dut\\
=020  \\$a9061684439
=040  \\$aOI
=245  00$aBladeren in andermans hoofd :$bover lezers en leescultuur /$conder redactie van Theo Bijvoet ... [et al.].
=260  \\$aNijmegen :$bSUN,$cc1996.
=300  \\$a365 p. :$bill. ;$c25 cm.
=490  1\$aMemoria
=504  \\$aIncludes bibliographical references and index.
=650  \0$aBook$1http://www.wikidata.org/entity/Q571$92285
=700  \\$aBijvoet, Theo$914942
=830  \0$9535$aMemoria (Nijmegen, Netherlands)
=942  \\$cBOO
=952  \\$00$10$40$70$912377$aORPH$bORPH$cLOC_UNK$d2021-01-12$l0$p20122717$r2021-01-12 00:00:00$w2021-01-12$yTYPE_UNK$OKoopman
=999  \\$c12394$d12394
=651  \0$aNetherlands$1http://www.wikidata.org/entity/Q55$9173

