=LDR  01510cam a2200301 a 4500
=001  12395
=005  20250925143300.0
=008  831003s1983\\\\\\\aog\\\b\\\s001\0\ger\|
=041  \\$ager
=245  00$a800 Jahre Musik in Lübeck:$bTeil II: Dokumentation zum Lübecker Musikfestes 1982
=260  \\$aLübeck$bSenat der Hansestadt Lübeck, Amt für Kultur$c1983
=300  \\$a220 pages
=490  1\$aVeröffentlichung der Senat der Hansestadt Lübeck, Amt für Kultur$v21
=504  \\$aIncludes bibliographical references and index.
=505  \\$gTeil A. Vortragskonzerte - Teil B. Reden, Vorträge, Berichte
=590  \\$azur Ausstellung im Museum am Dom aus Anlass des Lübecker Musikfestes 1982
=648  \0$a20th Century (1901-2000)$1http://www.wikidata.org/entity/Q6927$920936
=650  \0$aMusic history$1http://www.wikidata.org/entity/Q846047$921373
=650  \0$aFestival book$1http://www.wikidata.org/entity/Q17590416$922319
=650  \0$aConcert$1http://www.wikidata.org/entity/Q182832$921044
=651  \0$aLübeck (Germany)$1http://www.wikidata.org/entity/Q2843$9125
=700  \\$aEdler, Arnfried$1http://www.wikidata.org/entity/Q693490$4edt$910666
=700  \\$aNeugebauer, Werner$4edt$914943
=700  \\$aSchwab, Heinrich W.$d1938-2025$4edt$913713
=710  \\$aMuseum am Dom (Lübeck, Germany)$91715
=942  \\$cBOO
=952  \\$00$10$2ddc$40$6TOP_DE_LUB$70$8TOP$912378$aORPH$bORPH$cKTS0$d2021-01-12$eKoopman$i33E01$l0$oTOP DE.LUB$p20122986$r2021-01-12 00:00:00$w2021-01-12$yBOO
=999  \\$d12395

