=LDR  01038cam a2200229 i 4500
=001  12398
=005  20250127113140.0
=008  761130s1976\\\\gw\ag\\\\b\\\\001\0\ger\\
=015  \\$aGFR76-A
=020  \\$a376492117X
=040  \\$aOI
=100  \\$aBeck, Hermann$d1929-1980$1http://www.wikidata.org/entity/Q59709901$4edt$914944
=245  00$aOberpfälzer Dokumente der Musikgeschichte.$bGesammelte Aufsätze zur Einführung in Musiksammlungen, musikalische Quellen und Werke aus dem Gebiet der Oberpfalz
=260  \\$aRegensburg$bBosse$c1976
=300  \\$a316 pages
=490  \\$aRegensburger Beiträge zur Musïkwissenschaft$vBd. 1
=504  \\$aIncludes bibliographical references and index.
=650  \0$aMusic history$1http://www.wikidata.org/entity/Q846047$921373
=651  \0$aGermany$1http://www.wikidata.org/entity/Q183$9155
=942  \\$cBOO
=952  \\$00$10$2ddc$40$6TOP_DE_0_000000000000000$70$8TOP$912381$aORPH$bORPH$cKTS0$d2021-01-12$eKoopman$i33E13$l0$oTOP DE 0$p20122975$r2021-01-12 00:00:00$w2021-01-12$yBOO$OKoopman
=999  \\$d12398

