=LDR  00865cam a2200217 i 4500
=001  12399
=005  20250109133435.0
=008  781121s1976\\\\enkac\\\\b\\\\001\0\eng\\
=015  \\$aGB77-13140
=020  \\$a0719533120 :$c£3.50
=040  \\$aOI
=100  \\$aGoldwater, Robert John$d1907-1973$914945
=245  10$aArtists on art :$bfrom the 14th to the 20th century /$ccompiled and edited by Robert Goldwater and Marco Treves.
=260  \\$aLondon :$bJ. Murray,$c1976.
=300  \\$axii, 500 p. :$bill., ports. ;$c21 cm.
=504  \\$aBibliography: p. 480-488.
=650  \0$aFine art$1http://www.wikidata.org/entity/Q219625$921579
=700  \\$aTreves, Marco$914946
=942  \\$cBOO
=952  \\$00$10$2ddc$40$6VIS_GOLD$70$8VIS$912382$aORPH$bORPH$cKTS1_H$d2021-01-12$eKoopman$i33E21$l0$oVIS GOLD$p20120968$r2021-01-12 00:00:00$w2021-01-12$yBOO$OKoopman
=999  \\$c12399$d12399

