=LDR  00277    a2200097   4500
=001  12404
=245  \\$aMaatstaf 10/11
=260  \\$c1968
=942  \\$cBOO
=952  \\$00$10$40$70$912387$aORPH$bORPH$cLOC_UNK$d2021-01-12$l0$p20120933$r2021-01-12 00:00:00$w2021-01-12$yTYPE_UNK$OKoopman
=999  \\$c12404$d12404

