=LDR  00321    a2200109   4500
=001  12406
=020  \\$a9789081139113
=245  \\$aEen Beeld van een Boekenclub
=260  \\$c2007
=942  \\$cBOO
=952  \\$00$10$40$70$912389$aORPH$bORPH$cLOC_UNK$d2021-01-12$l0$p20120911$r2021-01-12 00:00:00$w2021-01-12$yTYPE_UNK$OKoopman
=999  \\$c12406$d12406

