=LDR  01074aam a2200229   4500
=001  12410
=008  241127s2004\\\\||||||||\||||\00|\0\dut\d
=020  \\$a9789028935600
=100  \\$aSimons, L.$4dte$927322
=245  \\$aLetters in de boeken.$bLiber amicorum Ludo Simons
=260  \\$c2004$aKapellen$bPelckmans
=300  \\$a367 pages
=650  \0$aBook$1http://www.wikidata.org/entity/Q571$92285
=650  \0$aBibliophilia$1http://www.wikidata.org/entity/Q214719$921630
=650  \0$aLibrary$1http://www.wikidata.org/entity/Q7075$94229
=650  \0$aCultural history$1http://www.wikidata.org/entity/Q858517$922395
=651  \0$aBelgium$1http://www.wikidata.org/entity/Q31$920881
=700  \\$aDelsaerdt, Pierre$d1963-$1http://www.wikidata.org/entity/Q103237156$4edt$910443
=700  \\$aDe Schepper, Marcus$1http://www.wikidata.org/entity/Q113775756$4edt$910407
=942  \\$cBOO
=952  \\$00$10$2ddc$40$6BIB_1_000000000000000_SIMO$70$8BIB$912393$aORPH$bORPH$cKTS0$d2021-01-12$eKoopman$i33F24$l0$oBIB1  SIMO$p20120894$r2021-01-12 00:00:00$w2021-01-12$yBOO$OKoopman
=999  \\$d12410

