=LDR  01021aam a2200229   4500
=001  12412
=008  250303s2005\\\\|||oea||\||||\00|\0\ger\d
=041  \\$ager
=100  \\$aHauser, Frederik Karl$4aut$939815
=245  \\$aKlöster am Bodensee.$bReisebegleiter durch eine Kulturlandschaft
=260  \\$c2005$aOstfildern$bThorbecke
=300  \\$a120 pages
=650  \0$aMonastery$1http://www.wikidata.org/entity/Q44613$926216
=650  \0$aTravel$1http://www.wikidata.org/entity/Q61509$94440
=650  \0$aArchitecture$1http://www.wikidata.org/entity/Q12271$93185
=651  \0$aGermany$1http://www.wikidata.org/entity/Q183$9155
=651  \0$aSwitzerland$1http://www.wikidata.org/entity/Q39$920954
=651  \0$aAustria$1http://www.wikidata.org/entity/Q40$9202
=651  \0$aBodensee$1http://www.wikidata.org/entity/Q4127$939816
=942  \\$cBOO
=952  \\$00$10$2ddc$40$6TOP_DE_BOD$70$8TOP$912395$aORPH$bORPH$cKTS0$d2021-01-12$eKoopman$i33F28$l0$oTOP DE.BOD$p20120890$r2021-01-12 00:00:00$w2021-01-12$yBOO$OKoopman
=999  \\$d12412

