=LDR  01261cam a2200277 a 4500
=001  12416
=005  20250925143300.0
=008  860121s1986\\\\ne\a\\\\\b\\\\001\0\dut\\
=020  \\$a906550303X :$cfl 55.00
=020  \\$a9065503021
=040  \\$aOI
=041  0\$adutfre
=245  00$aOpstellen over de Koninklijke Bibliotheek en andere studies :$bbundel samengesteld door medewerkers van dr. C. Reedijk ter gelegenheid van zijn aftreden als bibliothecaris van de Koninklijke Bibliotheek te 's-Gravenhage /$c[redactie, P.A. Tichelaar ... et al.].
=260  \\$aHilversum :$bVerloren,$cl986.
=300  \\$a568 p. :$bill. ;$c25 cm.
=504  \\$aIncludes bibliographical references and index.
=610  \0$aKoninklijke Bibliotheek (The Hague, Netherlands)$91254
=600  \0$aReedijk, C.$d-1921$914947
=650  \0$aLibrary$1http://www.wikidata.org/entity/Q7075$94229
=700  \\$aReedijk, C.$d-1921$914947
=700  \\$aTichelaar, P. A.$914948
=942  \\$cBOO
=952  \\$00$10$40$70$912399$aORPH$bORPH$cLOC_UNK$d2021-01-12$l0$p20122697$r2021-01-12 00:00:00$w2021-01-12$yTYPE_UNK$OKoopman
=999  \\$c12416$d12416
=651  \0$aNetherlands$1http://www.wikidata.org/entity/Q55$9173
=648  \0$a20th Century (1901-2000)$1http://www.wikidata.org/entity/Q6927$920936

