=LDR  00713    a2200157   4500
=001  12428
=008  210330b\\\\\\\\\\\|||||\||||\00|\0\ger\d
=041  \\$ager$afre$aeng$aita
=100  \\$aBesseler, Heinrich$d1900-1969$4aut$1http://www.wikidata.org/entity/Q87832$916337
=245  \\$aFestschrift Heinrich Besseler zum sechztigsten Geburtstag.
=260  \\$c1961$aLeizpig$bVEB Deutscher Verlag für Musik
=300  \\$a540 pages$b20 pages ill.
=710  \\$aKarl-Marx-Universität (Leipzig, Germany)$eEditor$921107
=942  \\$cBOO
=952  \\$00$10$2ddc$40$6REF_4_000000000000000_BESS$70$8REF$912411$aORPH$bORPH$cKM12_1$d2021-01-12$eKoopman$i34C22$l0$oREF 4 BESS$p20122565$r2021-01-12 00:00:00$w2021-01-12$yBOO
=999  \\$c12428$d12428

