=LDR  02248aam a2200361   4500
=001  12430
=005  20251003085459.0
=008  250326s2004\\\\|||af|||\bc||\001\0|ger\d
=020  \\$a3832174273
=041  \\$ager
=110  \\$aStiftung Preussische Schlösser und Gärten Berlin-Brandenburg (Germany)$1http://www.wikidata.org/entity/Q531772$4edt$91722
=245  \\$aDon Quichotte und Ragotin.$bZwei komische Helden in den preussischen Königsschlössern
=260  \\$c2004$aBerlin$aKöln$bDumont$bStiftung Preussische Schlösser und Gärten Berlin-Brandenburg
=300  \\$a247 pages
=590  \\$aAusstellungskatalog in der Serie "Poesie des Augenblicks" ; Schloss Charlottenburg, Berlin, 15.2-25.4.2004
=600  \0$aDon Quixote$1http://www.wikidata.org/entity/Q480$922627
=600  \0$aCoypel, Charles-Antoine$d1694-1752$1http://www.wikidata.org/entity/Q113536$97995
=600  \0$aCervantes, Miguel de$d1547-1616$1http://www.wikidata.org/entity/Q5682$95670
=600  \0$aPater, Jean-Baptite$d1695-1736$1http://www.wikidata.org/entity/Q731533$939984
=600  \0$aScarron, Paul$d1610-1660$1http://www.wikidata.org/entity/Q551725$96729
=610  \0$aStiftung Preussische Schlösser und Gärten Berlin-Brandenburg (Germany)$1http://www.wikidata.org/entity/Q531772$91722
=648  \0$a17th Century (1601-1700)$1http://www.wikidata.org/entity/Q7016$920923
=648  \0$a18th Century (1701-1800)$1http://www.wikidata.org/entity/Q7015$920899
=650  \0$aFine art$1http://www.wikidata.org/entity/Q219625$921579
=650  \0$aCatalogue$1http://www.wikidata.org/entity/Q2352616$1http://www.wikidata.org/entity/Q6941730$921484
=650  \0$aExhibition$1http://www.wikidata.org/entity/Q464980$925353
=650  \0$aInfluence$1http://www.wikidata.org/entity/Q1307337$1http://www.wikidata.org/entity/Q16578639$922289
=650  \0$aFrench$1http://www.wikidata.org/entity/Q150$923117
=650  \0$aLiterature$1http://www.wikidata.org/entity/Q8242$94439
=651  \0$aBerlin (Germany)$1http://www.wikidata.org/entity/Q64$948
=942  \\$cBOO
=952  \\$00$10$2ddc$40$6TOP__DE_BER_5_000000000000000$70$8TOP$912413$aORPH$bORPH$cKTS0$d2021-01-12$eKoopman$i34D10$l0$oTOP.DE.BER 5$p20120862$r2021-01-12 00:00:00$w2021-01-12$yBOO$OKoopman
=999  \\$d12430

