=LDR  01984aam a2200289   4500
=001  12449
=008  230510s2001\\\\||||||||\||||\00|\0\dut\d
=020  \\$a9080366234
=041  \\$adut
=245  \\$aDe muziekschat van Kasteel Amerongen:$baspecten van het muziekleven op een adellijk huis
=260  \\$c2001$aAmerongen$bStichting Vriendenkring Kasteel Amerongen
=300  \\$a96 pages
=500  \\$aCollection of articles based on research into Amerongen Castle's music library and instruments. The articles provide a picture of the musical life of the castle's residents and the role music played in the lives of the nobility.
=505  \\$gMuzikale adel in de Nederlandse Republiek en op kasteel Amerongen / Rudolf Rasch -- Het Haagse hof, Amerongen en de muziek / Gert Oost -- De muziekbibliotheek van kasteel Amerongen: de musicerende adel op het spoor / Clemens Romijn -- Muziek in het leven van de bewoners van kasteel Amerongen / Marieke Knuijt -- Door het dansen rap en fris: de danscultuur in de 16e, 17e en 18e eeuw / Dorothée Wortelboer -- De muziekinstrumenten op kasteel Amerongen / Walter Vermeulen -- Het Bätz-orgel van kasteel Amerongen / Gert Oost
=650  \0$1http://www.wikidata.org/entity/Q846047$aMusic history$921373
=650  \0$1http://www.wikidata.org/entity/Q858517$aCultural history$922395
=650  \0$1http://www.wikidata.org/entity/Q7075$aLibrary$94229
=650  \0$1http://www.wikidata.org/entity/Q11639$aDance$924845
=650  \0$1http://www.wikidata.org/entity/Q1444$aOrgan$92810
=651  \0$1http://www.wikidata.org/entity/Q803$aUtrecht (Netherlands)$9141
=700  1\$4edt$926177$aKnuijt, M. J. F.
=700  \\$4edt$913617$aRomijn, Clemens
=700  \\$4aut$aRasch, Rudolf$d1945-$1http://www.wikidata.org/entity/Q112427566$913439
=700  \\$4cmp
=942  \\$cBOO
=952  \\$00$10$2ddc$40$6TOP_NL_AME$70$8TOP$912432$aORPH$bORPH$cKTS0$d2021-01-12$eKoopman$l0$oTOP NL.AME$p20122519$r2021-01-12 00:00:00$w2021-01-12$yBOO$OKoopman
=999  \\$d12449

