=LDR  03062aam a2200193   4500
=001  12462
=008  210817r19701910||||||||\||||\01|\0\ger\d
=020  \\$a0057628159X
=041  \\$ager
=100  \\$aLiliencron, Rochus von$d1820-1912$4dte$1http://www.wikidata.org/entity/Q215701$97544
=245  \\$aFestschrift zum 90. Geburtstage Sr. Exzellenz des Wirklichen Geheimen Rates Rochus Freiherrn von Liliencron, Dr. theol. et phil.$büberreicht von Vertretern deutscher Musikwissenschaft
=260  \\$aWestmead, Farnborough$bGregg International Publishers$c1970
=300  \\$a463 pages
=505  \\$gAntike Musikerlegenden / H. Abert -- Die Turbae einer deutschen Matthäuspassion von 1559 / G. Adler -- Thomas Selle als Schulkantor in Itzehoe und Hamburg / A. Arnheim -- Das Glockenspiel in den Miniaturen des frühen Mittelalters / E. Buhle -- Eine Caccia im Cinquecento / A. Einstein -- Mozarts Lieder / M. Friedlaender -- Das Cembalo im Orchester der intalienischen Oper der zweiten Hälfte des 18. Jahrhunderts / H. Goldschmidt -- Ein Beitrag zu dem Thema: Monteverdi als Charakteristiker in seinen Madrigalen / A. Heuss -- Fünf Briefe Spohrs an Marschner / E. Istel -- Musikgeschichtliche Stichproben aus deutscher Laienliteratur des 16. Jahrhunderts / H. Kretzschmar -- Volkelts ästhetische Normen / P. Moos -- Goethe und die musikalische Akustik / H. J. Moser -- Ein Brief Esaias Reußners / R. Münnich -- J. H. Scheins Cymbalum Sionium / A. Prüfer -- Basso ostinato und Basso quaso ostinato / H. Riemann -- Die Beziehungen der heutigen Volksmusik zur Kunstmusik / L. Riemann -- Kurze Betrachtungen zum deutschen Volkslied / H. Rietsch -- Der Marienleich Heinrich Laufenbergs Wilkom lobes werde / P. Runge -- Lituus und Karnyr / C. Sachs -- Zu Beethovens Briefen / A. Sandberger -- Eine Autobiographie Pietro Generalis / L. Schiedermair -- Zur musikgeschichtlichen Bedeutung der Harsdörfferschen Frauenzimmergesprächspiele / E. Schmitz -- Denkmäler der Tonkunst vor hundert Jahren / M. Schneider -- Neue Attestate Seb. Bachs / G. Schünemann -- Händels deutsche Gesänge. Nach Materialien in Fr. Chrysanders Nachlaß / M. Seiffert -- Vilota und Nio. Zur Entwicklungsgeschichte der italienischen Volksmusik / H. Springer -- Konsonanz und Konkordanz / C. Stumpf -- Die Manuskripte protestantischer Kirchenmusik zu Frankfurt am Main / C. Süß -- Ach wie ist's möglich dann von H. von Chézy und seine erste Melodie / C. Valentin -- Die Proskesche Musikbibliothek in Regensburg / K. Weinmann -- Deutsche Lieder des 15. Jahrhunderts / J. Wolf -- Mitteilungen zur Geschichte der Hofmusik in Celle (1685-1706) und über Arnold M. Brunckhorst / W. Wolffheim -- Die Hofweise Walthers von der Vogelweide / R. Wustmann
=534  \\$cLeipzig: Breitkopf & Härtel, 1910
=700  \\$4edt$aKretzschmar, Hermann$d1848-1924$1http://www.wikidata.org/entity/Q64542$917448
=942  \\$cBOO
=952  \\$00$10$2ddc$40$6REF_4_000000000000000_LILI$70$8REF$912445$aORPH$bORPH$cKM12_1$d2021-01-12$eKoopman$i35D24$oREF4 LILI$p20120698$r2021-01-12 00:00:00$w2021-01-12$yBOO
=999  \\$d12462

