=LDR  01216cam a22002534a 4500
=001  12469
=005  20250120115941.0
=008  020531s2002\\\\gw\a\\\\\b\\\\010\0\ger\\
=020  \\$a376181576X (pbk.)
=040  \\$aOI
=100  \\$4dte$aSchlepphorst, Winfried$d1937-2006$1http://www.wikidata.org/entity/Q2584296$913884
=245  00$a"Denen Liebhabern, und besonders denen Kennern von dergleichen Arbeit, zur Gemüths Ergezung".$bWinfried Schlepphorst zum 65. Geburtstag
=260  \\$aKassel$aNew York$bBärenreiter$c2002
=300  \\$a289 pages$bill. ;$c24 cm.
=490  \\$aVeröffentlichungen der Orgelwissenschaftlichen Forschungsstelle im Musikwissenschaftlichen Seminar der Westfälischen Wilhelms-Universität Münster$vNr. 21
=504  \\$aIncludes bibliographical references.
=650  \0$aOrgan music
=650  \0$aOrgan (Musical instrument)
=650  \0$aMusic history$1http://www.wikidata.org/entity/Q846047$921373
=700  \\$aFritz, Rebekka$4edt$922057
=700  \\$aBettels, Christian$4edt$922058
=942  \\$cBOO
=952  \\$00$10$2ddc$40$6REF_4_000000000000000_SCHL$70$8REF$912452$aORPH$bORPH$cKM12_1$d2021-01-12$eKoopman$i35E17$oREF4 SCHL$p20122495$r2021-01-12 00:00:00$w2021-01-12$yBOO
=999  \\$d12469

