=LDR  00546    a2200133   4500
=001  12470
=008  210817t2002\\\\||||||||\||||\01|\0\ita\d
=100  \\$aPaganuzzi, Enrico$d1921-2000$4dte$922044
=245  \\$aCoelorum Imitatur Concentum.$bStudi in ricordo di Enrico Paganuzzi
=260  \\$c2002$aVerona$bAccademia Filarmonica di Verona
=300  \\$a223 pages
=942  \\$cBOO
=952  \\$00$10$2ddc$40$6REF_4_000000000000000_PAGA$70$8REF$912453$aORPH$bORPH$cKM12_1$d2021-01-12$eKoopman$i35E20$oREF4 PAGA$p20122492$r2021-01-12 00:00:00$w2021-01-12$yBOO
=999  \\$d12470

