=LDR  00284    a2200097   4500
=001  12479
=245  \\$aGods, Saints & Heroes
=260  \\$c1980
=942  \\$cBOO
=952  \\$00$10$40$70$912462$aORPH$bORPH$cLOC_UNK$d2021-01-12$l0$p20120677$r2021-01-12 00:00:00$w2021-01-12$yTYPE_UNK$OKoopman
=999  \\$c12479$d12479

