=LDR  01296aas a2200217   4500
=001  12480
=008  220530i19161921||||||||\||||\00|\0\dut\d
=041  \\$adut
=245  \\$aOude kunst.$bEen maandschrift voor verzamelaars en kunstzinnigen
=260  \\$aHaarlem$bBoom$c1916-21
=300  \\$a6 vols.
=650  \0$aFine art$1http://www.wikidata.org/entity/Q219625$921579
=700  \\$4edt$aHuffel, H. G. van$924309
=942  \\$cPER
=952  \\$00$10$2ddc$3I$40$6PER_OK2$70$8PER$912463$aORPH$bORPH$cKTS1_P$d2021-01-12$oPER OK2$p20122477$r2021-01-12 00:00:00$w2021-01-12$yPER
=952  \\$00$10$2ddc$3II$40$6PER_OK2$70$8PER$912464$aORPH$bORPH$cKTS1_P$d2021-01-12$oPER OK2$p20122476$r2021-01-12 00:00:00$w2021-01-12$yPER
=952  \\$00$10$2ddc$3III$40$6PER_OK2$70$8PER$912465$aORPH$bORPH$cKTS1_P$d2021-01-12$oPER OK2$p20122475$r2021-01-12 00:00:00$w2021-01-12$yPER
=952  \\$00$10$2ddc$3IV$40$6PER_OK2$70$8PER$912466$aORPH$bORPH$cKTS1_P$d2021-01-12$oPER OK2$p20122474$r2021-01-12 00:00:00$w2021-01-12$yPER
=952  \\$00$10$2ddc$3V$40$6PER_OK2$70$8PER$912467$aORPH$bORPH$cKTS1_P$d2021-01-12$oPER OK2$p20122473$r2021-01-12 00:00:00$w2021-01-12$yPER
=952  \\$00$10$2ddc$3VI$40$6PER_OK2$70$8PER$912468$aORPH$bORPH$cKTS1_P$d2021-01-12$oPER OK2$p20122472$r2021-01-12 00:00:00$w2021-01-12$yPER
=999  \\$d12480

