=LDR  01077cam a2200277 a 4500
=001  12497
=005  20250225134642.0
=008  030131s2002\\\\ne\a\\\\\bc\\\001\0\dut\d
=010  \\$a  2003437808
=020  \\$a9040096422
=035  \\$a(OCoLC)ocm51903914
=040  \\$aCGU$cCGU$dDLC
=042  \\$alccopycat
=043  \\$ae-ne---
=245  03$aDe vier jaargetijden in de kunst van de Nederlanden 1500-1750 /$cYvette Bruijnen ... [et al.].
=260  \\$aZwolle :$bWaanders,$cc2002.
=300  \\$a244 p. :$bill. (some col.) ;$c28 cm.
=504  \\$aIncludes bibliographical references (p. 232-240) and index.
=650  \0$aFine art$1http://www.wikidata.org/entity/Q219625$921579
=650  \0$aFine art$1http://www.wikidata.org/entity/Q219625$921579
=650  \0$aTobacco$1http://www.wikidata.org/entity/Q1566$921475
=651  \0$aNetherlands$1http://www.wikidata.org/entity/Q55$9173
=700  \\$aBruijnen, Yvette$914990
=942  \\$cBOO
=952  \\$00$10$40$70$912480$aORPH$bORPH$cLOC_UNK$d2021-01-12$l0$p20120653$r2021-01-12 00:00:00$w2021-01-12$yTYPE_UNK$OKoopman
=999  \\$d12497

