=LDR  01191nam a2200265 a 4500
=001  12505
=005  20250120120137.0
=008  930201s1991\\\\gw\a\\\\\b\\\\010\0\ger\\
=020  \\$a3761810237
=040  \\$aOI
=100  \\$4dte$aJust, Martin$d-1930$1http://www.wikidata.org/entity/Q1904186$916260
=245  00$aVon Isaac bis Bach:$bStudien zur älteren deutschen Musikgeschichte. Festschrift Martin Just zum 60. Geburtstag
=260  \\$aKassel$aNew York$bBärenreiter$c1991
=300  \\$a352 pages$billustrations$c24 cm
=504  \\$a"Verzeichnis der Schriften Martin Justs": p. 349-352.
=504  \\$aIncludes bibliographical references.
=650  \0$aMusic history$1http://www.wikidata.org/entity/Q846047$921373
=650  \0$aEarly music$1http://www.wikidata.org/entity/Q436016$93160
=651  \0$aGermany$1http://www.wikidata.org/entity/Q183$9155
=700  \\$aHeidlberger, Frank.$4edt$914996
=700  \\$aOsthoff, Wolfgang$4edt$916234
=700  \\$aWiesend, Reinhard$4edt$914998
=942  \\$cBOO
=952  \\$00$10$2ddc$40$6REF_4_000000000000000_JUST$70$8REF$912488$aORPH$bORPH$cKM12_1$d2021-01-12$eKoopman$i37C06$oREF4 JUST$p20120584$r2021-01-12 00:00:00$w2021-01-12$yBOO
=999  \\$d12505

