=LDR  00366    a2200109   4500
=001  12508
=020  \\$a9783791337449
=245  \\$aSkulpturensammlung im Bode-Museum
=260  \\$c2006
=942  \\$cBOO
=952  \\$00$10$2ddc$40$6VIS_KEMP$70$8VIS$912491$aORPH$bORPH$cKTS1_H$d2021-01-12$eKoopman$i37C21$l0$oVIS KEMP$p20120571$r2021-01-12 00:00:00$w2021-01-12$yBOO$OKoopman
=999  \\$c12508$d12508

