=LDR  01193cam a2200253 a 4500
=001  12509
=008  851105s1981\\\\gw\fa\\\\b\\\\000\0dger\\
=041  \\$ager
=100  \\$aDorfmüller, Joachim$1http://www.wikidata.org/entity/Q1690038$4edt$910576
=245  00$aNeue Beiträge zur Musikgeschichte der Stadt Wuppertal
=260  \\$aBerlin$bMerseburger$c1981
=300  \\$a[8]-192-[7] pages
=490  1\$aBeiträge zur rheinischen Musikgeschichte$vBd. 131
=504  \\$aIncludes bibliographies.
=650  \0$aConcert$1http://www.wikidata.org/entity/Q182832$921044
=650  \0$aMusic education$1http://www.wikidata.org/entity/Q27908$921766
=650  \0$aMusic history$1http://www.wikidata.org/entity/Q846047$921373
=650  \0$aOrgan$1http://www.wikidata.org/entity/Q1444$92810
=650  \0$aOrganist$1http://www.wikidata.org/entity/Q765778$94471
=650  \0$aBiography$1http://www.wikidata.org/entity/Q36279$91927
=651  \0$aWuppertal (Germany)$1http://www.wikidata.org/entity/Q2107$924099
=942  \\$cBOO
=952  \\$00$10$2ddc$40$6TOP_DE_WUP$70$8TOP$912492$aORPH$bORPH$cKTS0$d2021-01-12$eKoopman$i37C22$l0$oTOP DE.WUP$p20120570$r2021-01-12 00:00:00$w2021-01-12$yBOO$OKoopman
=999  \\$d12509

