=LDR  00322    a2200109   4500
=001  12517
=020  \\$a9788392720515
=245  \\$aFriedenskirche in Schweidnitz
=260  \\$c2008
=942  \\$cBOO
=952  \\$00$10$40$70$912500$aORPH$bORPH$cLOC_UNK$d2021-01-12$l0$p20120537$r2021-01-12 00:00:00$w2021-01-12$yTYPE_UNK$OKoopman
=999  \\$c12517$d12517

