=LDR  00315    a2200109   4500
=001  12523
=020  \\$a9789056250744
=245  \\$aGeen povere schoonheid
=260  \\$c2000
=942  \\$cBOO
=952  \\$00$10$40$70$912506$aORPH$bORPH$cLOC_UNK$d2021-01-12$l0$p20120522$r2021-01-12 00:00:00$w2021-01-12$yTYPE_UNK$OKoopman
=999  \\$c12523$d12523

