=LDR  03106cam a2200325 a 4500
=001  12529
=005  20250926134856.0
=008  071119s2008\\\\mauag\\\\b\\\\011\0\eng\\
=020  \\$a0964031736
=020  \\$a9780964031753
=040  \\$aOI
=041  \\$aeng
=245  04$aThe Century of Bach and Mozart:$bPerspectives on Historiography, Composition, Theory, and Performance
=260  \\$aCambridge, MA$bHarvard University Press$c2008
=300  \\$axi, 427 p. :$bill., music ;$c24 cm.
=490  1\$aIsham Library papers$v7
=490  1\$aHarvard publications in music$v22
=504  \\$aIncludes bibliographical references and index.
=505  0\$aPart I. Eighteenth-century music in its intellectual contexts. The German eighteenth century : marking time / David Blackbourn -- Fundamenta partiturae : thorough bass and foundations of eighteenth-century composition pedagogy / Thomas Christensen -- Mishmash or synthesis? : on the psychagogic form of The creation / Hermann Danuse ; (translated by Nicolas Betson) -- Six of one : the opus concept in the eighteenth century / Elaine Sisman -- Part II. Composing and hearing music in the eighteenth century. Bach's passions and the textures of time / John Butt -- Bach and hypocrisy : appearance and truth in Cantatas 136 and 179 / Eric Chafe -- Tartini and his texts / Sergio Durate -- Part III. Sources.and transmission. The evolution of "Und wenn die Welt voll Teufel wär" BWV 80/5 / Daniel R. Melamed -- Bach and Mozart : from the perspective of different documentary evidence / Hans-Joachim Schulze -- On Johann Sebastian Bach's creative process : observations from his drafts and sketches / Peter Wollny -- One more time : Mozart and his cadenzas / Neal Zaslaw -- Part IV. Issues in historiography. On ancient languages : the historical idiom in the music of Wolfgang Amadeus Mozart / Ulrich Konrad ; (translated by Thomas Irvine) -- Eighteenth-century music as a socio-political metaphor? / Reinhard Strohm -- The century of Handel and Haydn / James Webster -- Mozart's fantasy, Haydn's caprice : what's in a name? / Gretchen Wheelock -- Part V. Interpreting eighteenth-century music. The clavier speaks / Christopher Hogwood -- Ten years of Bach cantatas / Ton Koopman -- Mozart's working methods in the piano concertos / Robert Levin.
=600  \0$aBach, Johann Sebastian$d1685-1750$1http://www.wikidata.org/entity/Q1339$94766
=600  \0$aMozart, Wolfgang Amadeus$d1756-1791$1http://www.wikidata.org/entity/Q254$95341
=648  \0$a18th Century (1701-1800)$1http://www.wikidata.org/entity/Q7015$920899
=650  \0$aMusic history$1http://www.wikidata.org/entity/Q846047$921373
=700  \\$aGallagher, Sean$d-1965$4edt$915011
=700  \\$aKelly, Thomas Forrest$4edt$919414
=700  \\$aWolff, Christoph$d1940-$4win$1http://www.wikidata.org/entity/Q66488$910387
=856  \\$uhttp://www.loc.gov/catdir/toc/ecip085/2007047106.html$3Table of contents
=942  \\$cBOO
=952  \\$00$10$2ddc$40$6GHM_5_000000000000000$70$8GHM$912512$aORPH$bORPH$cKM12_1$d2021-01-12$l0$oGHM5$p20120512$r2021-01-12 00:00:00$w2021-01-12$yBOO
=999  \\$c12529$d12529

