=LDR  01911aam a2200313   4500
=001  12538
=005  20251103124736.0
=008  250127s1942\\\\|||g||||\||||\0||\0dger\d
=041  \\$ager
=100  \\$aRaabe, Peter$d1872-1945$1http://www.wikidata.org/entity/Q654881$4dte$939576
=245  \\$aVon deutscher Tonkunst.$bFestschrift zu Peter Raabes 70. Geburtstag
=260  \\$c1942$aLeipzig$bPeters
=300  \\$a247 pages
=500  \\$aContributions to music history and cultural policy, as a thank you to the seventy-year-old President of the Reich Music Chamber by representatives of German musical life. Peter Raabe was a German conductor and musicologist. During the National Socialist era, he pursued a crucial cultural policy that was loyal to the line. 
=505  \\$gIntuition und Werktreue als Grundlagen der Interpretation / Walter Gieseking
=590  \\$aIn Gemeinschaft mit dreiundzwanzig Fachgenossen
=600  \0$aRaabe, Peter$d1872-1945$1http://www.wikidata.org/entity/Q654881$939576
=648  \0$a20th Century (1901-2000)$1http://www.wikidata.org/entity/Q6927$920936
=650  \0$aMusic history$1http://www.wikidata.org/entity/Q846047$921373
=650  \0$aNationalism$1http://www.wikidata.org/entity/Q6235$921454
=650  \0$aFascism$1http://www.wikidata.org/entity/Q6223$92119
=650  \0$aBiography$1http://www.wikidata.org/entity/Q36279$91927
=650  \0$aMusical interpretation$1http://www.wikidata.org/entity/Q1668139$94533
=651  \0$aGermany$1http://www.wikidata.org/entity/Q183$9155
=700  \\$aMorgenroth, Alfred$d1900-1954$1http://www.wikidata.org/entity/Q72937908$4edt$939575
=700  \\$aGieseking, Walter$1http://www.wikidata.org/entity/Q61028$4ctb$919659
=942  \\$cBOO
=952  \\$00$10$2ddc$40$6TOP_DE_0_000000000000000$70$8TOP$912521$aORPH$bORPH$cKTS0$d2021-01-12$eKoopman$i38A13$l0$oTOP DE 0$p20122437$r2021-01-12 00:00:00$w2021-01-12$yBOO$OKoopman
=999  \\$d12538

