=LDR  01213cam a2200277 a 4500
=001  12546
=005  20250120115852.0
=008  010517s2000\\\\ne\a\\\\\b\\\\001\0ddut\\
=020  \\$a9057301164
=040  \\$aOI
=245  00$aBoekverkopers van Europa :$bhet 17de-eeuwse Nederlandse uitgevershuis Elzevier /$cB.P.M. Dongelmans, P.G. Hoftijzer, O.S. Lankhorst (red.).
=260  \\$aZutphen :$bWalburg,$cc2000.
=300  \\$a352 p. :$bill. ;$c25 cm.
=504  \\$aIncludes bibliographical references (p. 315-339) and index.
=600  30$aElzevir family.
=650  \0$aPublishers and publishing$zNetherlands$xHistory$y17th century.
=650  \0$aPrinting$zNetherlands$xHistory$y17th century.
=700  1\$aDongelmans, B. P. M.
=700  1\$aHoftijzer, P. G.$q(Paul Gerardus)
=700  1\$aLankhorst, Otto.
=952  \\$00$10$40$70$912529$aORPH$bORPH$cLOC_UNK$d2021-01-12$l0$p20122413$r2021-01-12 00:00:00$w2021-01-12$yTYPE_UNK$OKoopman
=999  \\$c12546$d12546
=490  \\$aBijdragen tot de geschiedenis van de Nederlandse boekhandel ;$vnieuwe reeks, 5
=651  \0$aNetherlands$1http://www.wikidata.org/entity/Q55$9173
=648  \0$a17th Century (1601-1700)$1http://www.wikidata.org/entity/Q7016$920923
=942  \\$cBOO

