=LDR  01278aam a2200253   4500
=001  12547
=008  250218s1985\\\\|||af|||\b|||\001\0\ger\d
=041  \\$ager
=245  \\$aLiteratur und Volk im 17. Jahrhundert.$bProbleme populärer Kultur in Deutschland$n1- 2/2
=260  \\$c1985$aWiesbaden$bHarrassowitz
=300  \\$a2 vols. (x-955 pages)
=490  \\$aWolfenbütteler Arbeiten zur Barockforschung$vBand 13
=500  \\$acontinuous pagination vols.1 & 2
=648  \0$a17th Century (1601-1700)$1http://www.wikidata.org/entity/Q7016$920923
=650  \0$aFolklore$1http://www.wikidata.org/entity/Q36192$94595
=650  \0$aLiterature$1http://www.wikidata.org/entity/Q8242$94439
=651  \0$aGermany$1http://www.wikidata.org/entity/Q183$9155
=700  \\$aBrückner, Wolfgang$4edt$939719
=700  \\$aBlickle, Peter$4edt$939720
=700  \\$aBreuer, Dieter$4edt$939721
=942  \\$cBOO
=952  \\$00$10$2ddc$3vol. 1$40$6TOP_DE_5_000000000000000$70$8TOP$912530$aORPH$bORPH$cKTS0$d2021-01-12$eKoopman$i38A43-1$l0$oTOP DE 5$p20122411$r2021-01-12 00:00:00$w2021-01-12$yBOO$OKoopman
=952  \\$00$10$2ddc$3vol. 2$40$6TOP_DE_5_000000000000000$70$8TOP$925520$aORPH$bORPH$cKTS0$d2021-01-12$eKoopman$i38A43-2$l0$oTOP DE 5$p20122410$r2025-02-18 11:30:31$w2021-01-12$yBOO
=999  \\$d12547

