=LDR  01012cam a2200229 a 4500
=001  12555
=005  20250120115957.0
=008  020928s2001\\\\sw\a\\\\\b\\\f100\0\swe\\
=020  \\$a9171006486
=040  \\$aOI
=245  00$aMusiken i konsten :$bdet klingande 1600-talet : en konstbok från Nationalmuseum /$credigerad av Karin Sidén.
=260  \\$aStockholm :$bNationalmuseum,$cc2001.
=300  \\$a157 p. :$bill. (chiefly col.) ;$c23 cm.
=490  \\$aNationalmusei årsbok ;$v47
=504  \\$aIncludes bibliographical references.
=648  \0$a17th Century (1601-1700)$1http://www.wikidata.org/entity/Q7016$920923
=650  \0$aFine art$1http://www.wikidata.org/entity/Q219625$921579
=700  \\$aSidén, Karin.$915021
=710  \\$aNationalmuseum (Stockholm, Sweden)$1http://www.wikidata.org/entity/Q842858$91736
=942  \\$cBOO
=952  \\$00$10$2ddc$40$6VIS_SIDE$70$8VIS$912537$aORPH$bORPH$cKTS1_H$d2021-01-12$eKoopman$i38D09$l0$oVIS SIDE$p20122400$r2021-01-12 00:00:00$w2021-01-12$yBOO$OKoopman
=999  \\$d12555

