=LDR  00352    a2200109   4500
=001  12567
=020  \\$a9780807062494
=245  \\$aEye of the Beholder
=260  \\$c2003
=942  \\$cBOO
=952  \\$00$10$2ddc$40$6VIS_CHON$70$8VIS$912549$aORPH$bORPH$cKTS1_H$d2021-01-12$eKoopman$i38E17$l0$oVIS CHON$p20120384$r2021-01-12 00:00:00$w2021-01-12$yBOO$OKoopman
=999  \\$c12567$d12567

