=LDR  01044cam a22002294a 4500
=001  12568
=005  20250120120226.0
=008  080214s2007\\\\ne\a\\\\\b\\\\001\0\dut\\
=020  \\$a9789065509970
=040  \\$aOI
=245  03$aDe Franeker universiteitsbibliotheek in de zeventiende eeuw :$bbeleid en belang van een academiebibliotheek /$credactie, Jos. M.M. Hermans ... [et al.].
=260  \\$aHilversum :$bVerloren,$c2007.
=300  \\$a198 p. :$bill. ;$c24 cm.
=504  \\$aIncludes bibliographical references and index.
=610  \0$aUniversiteit van Franeker (Netherlands)$1http://www.wikidata.org/entity/Q1293929$91652
=650  \0$aLibrary$1http://www.wikidata.org/entity/Q7075$94229
=700  \\$aHermans, Jos. M. M.$911539
=942  \\$cBOO
=952  \\$00$10$40$70$912550$aORPH$bORPH$cLOC_UNK$d2021-01-12$l0$p20120381$r2021-01-12 00:00:00$w2021-01-12$yTYPE_UNK$OKoopman
=999  \\$c12568$d12568
=651  \0$aNetherlands$1http://www.wikidata.org/entity/Q55$9173
=648  \0$a17th Century (1601-1700)$1http://www.wikidata.org/entity/Q7016$920923

