=LDR  01500nam a2200289 a 4500
=001  12579
=008  930614s1993\\\\gw\aof\\\b\\\\001\0\ger\|
=020  \\$a3412017930
=041  \\$ager
=100  \\$aFreytag, Hartmut$d1941-$1http://www.wikidata.org/entity/Q52159298$4edt$915031
=245  04$aDer Totentanz der Marienkirche in Lübeck und der Nikolaikirche in Reval (Tallinn) :$bEdition, Kommentar, Interpretation, Rezeption
=260  \\$aKöln :$bBöhlau,$c1993.
=300  \\$a485 pages$bfolded page
=490  \\$aNiederdeutsche Studien,$vBd. 39
=504  \\$aIncludes bibliographical references (p. 441-458) and index.
=610  \0$aMarienkirche (Lübeck, Germany)$1http://www.wikidata.org/entity/Q695065$91740
=610  \0$aNiguliste Kirik (Tallinn, Estonia)$91741
=648  \0$a15th Century (1401-1500)$1http://www.wikidata.org/entity/Q7018$921015
=650  \0$aDanse macabre$1http://www.wikidata.org/entity/Q473450$94314
=650  \0$aIconography$1http://www.wikidata.org/entity/Q208145$921259
=650  \0$aFine art$1http://www.wikidata.org/entity/Q219625$921579
=650  \0$aChurch$1http://www.wikidata.org/entity/Q16970$93776
=651  \0$aLübeck (Germany)$1http://www.wikidata.org/entity/Q2843$9125
=651  \0$aTallinn$1http://www.wikidata.org/entity/Q1770$940098
=942  \\$cBOO
=952  \\$00$10$2ddc$40$6TOP_DE_LUB_4_000000000000000$70$8TOP$912561$aORPH$bORPH$cKTS0$d2021-01-12$eKoopman$i38F39$l0$oTOP DE.LUB 4$p20122342$r2021-01-12 00:00:00$w2021-01-12$yBOO$OKoopman
=999  \\$d12579

