=LDR  01056cam a22002291  4500
=001  12582
=008  770617r19711963\\\\\\\\\\\\\\001\0|ger\|
=041  \\$ager
=100  \\$aJessen, Hans$d1897-1979$1http://www.wikidata.org/entity/Q84495151$915036$4edt$4cmm
=245  14$aDer Dreissigjährige Krieg in Augenzeugenberichten.
=260  \\$aMünchen$bDeutscher Taschenbuch-Verlag$c1971
=300  \\$a445 pages
=490  0\$aDtv,$v781
=534  \\$cDüsseldorf: Rauch, 1963
=648  \0$a17th Century (1601-1700)$1http://www.wikidata.org/entity/Q7016$920923
=650  \0$aHistory$1http://www.wikidata.org/entity/Q309$921403
=650  \0$aThirty Years' War (1618-1648)$1http://www.wikidata.org/entity/Q2487$922958
=650  \0$aMilitary history$1http://www.wikidata.org/entity/Q192781$93874
=651  \0$aGermany$1http://www.wikidata.org/entity/Q183$9155
=942  \\$cBOO
=952  \\$00$10$2ddc$40$6TOP_DE_5_000000000000000$70$8TOP$912564$aORPH$bORPH$cKTS0$d2021-01-12$eKoopman$i40D28$l0$oTOP DE 5$p20122289$r2021-01-12 00:00:00$w2021-01-12$yBOO$OKoopman
=999  \\$d12582

