=LDR  01249cam a22002774a 4500
=001  12583
=005  20250120120020.0
=008  040203s2004\\\\njua\\\\\\\\\\001\0\eng\\
=020  \\$a0471469122
=040  \\$aOI
=100  \\$aMyers, Glenford J.$d-1946$915037
=245  14$aThe art of software testing /$cGlenford J. Myers ; revised and updated by Tom Badgett and Todd Thomas, with Corey Sandler.
=250  \\$a2nd ed.
=260  \\$aHoboken, N.J. :$bJohn Wiley & Sons,$cc2004.
=300  \\$axv, 234 p. :$bill. ;$c24 cm.
=650  \0$aComputer science$1http://www.wikidata.org/entity/Q21198$92375
=650  \0$aComputer science$1http://www.wikidata.org/entity/Q21198$92375
=700  \\$aBadgett, Tom$915038
=700  \\$aThomas, Todd M.$915039
=700  \\$aSandler, Corey,$d-1950$915040
=856  \\$uhttp://www.loc.gov/catdir/bios/wiley047/2004002227.html$3Contributor biographical information
=856  \\$uhttp://www.loc.gov/catdir/description/wiley041/2004002227.html$3Publisher description
=856  \\$uhttp://www.loc.gov/catdir/toc/ecip0414/2004002227.html$3Table of contents
=942  \\$cBOO
=952  \\$00$10$40$70$912565$aORPH$bORPH$cLOC_UNK$d2021-01-12$l0$p20122288$r2021-01-12 00:00:00$w2021-01-12$yTYPE_UNK$OKoopman
=999  \\$c12583$d12583

