=LDR  00969aam a2200217   4500
=001  12584
=005  20250925143300.0
=008  230524s1985\\\\||||||||\b|||\001\0\ger\d
=020  \\$a3423027185
=041  \\$ager
=100  1\$1http://www.wikidata.org/entity/Q1307470$4edt$aGosztonyi, Péter$926236
=245  \\$aDer Kampf um Berlin 1945 in Augenzeugenberichten
=260  \\$c1985$aMunchen$bDeutscher Taschenbuch-Verlag
=300  \\$a420 pages
=648  \0$1http://www.wikidata.org/entity/Q6927$a20th Century (1901-2000)$920936
=650  \0$1http://www.wikidata.org/entity/Q192781$aMilitary history$93874
=650  \0$1http://www.wikidata.org/entity/Q362$aWorld War II (1939-1945)$93004
=651  \0$aBerlin (Germany)$1http://www.wikidata.org/entity/Q64$948
=942  \\$cBOO
=952  \\$00$10$2ddc$40$6TOP_DE_BER_7_000000000000000$70$8TOP$912566$aORPH$bORPH$cKTS0$d2021-01-12$eKoopman$i40D30$l0$oTOP DE.BER 7$p20122287$r2021-01-12 00:00:00$w2021-01-12$yBOO$OKoopman
=999  \\$d12584

