=LDR  00868cam a2200241 i 4500
=001  12585
=005  20250120115856.0
=008  760312s1975\\\\gw\ab\\\\b\\\\001\0\ger\\
=015  \\$aGFR76-A
=020  \\$a3423011009 :$cDM12.80
=040  \\$aOI
=245  04$aDie Eroberung Perus in Augenzeugenberichten /$chrsg. u. eingel. von Lieselotte u. Theodor Engl.
=250  \\$aOrig.-Ausg.
=260  \\$aMünchen :$bDeutscher Taschenbuch Verlag,$c1975.
=300  \\$a445 p. :$bill., maps ;$c18 cm.
=490  0\$aDTV Augenzeugenberichte
=504  \\$aBibliography: p. 415-420.
=651  \0$aPeru$1http://www.wikidata.org/entity/Q419$9233
=700  \\$aEngl, Lieselotte,$d-1918$915041
=700  \\$aEngl, Theo.$915042
=942  \\$cBOO
=952  \\$00$10$40$70$912567$aORPH$bORPH$cLOC_UNK$d2021-01-12$l0$p20122286$r2021-01-12 00:00:00$w2021-01-12$yTYPE_UNK$OKoopman
=999  \\$c12585$d12585

