=LDR  01039aam a2200241   4500
=001  12587
=005  20250925143300.0
=008  250516r19861971|||b||||\||||\00|\0dger\d
=041  \\$ager
=100  \\$aKirsch, Hans-Christian$4edt$4win$940217
=245  \\$aDer Spanischen Bürgerkrieg in Augenzeugenberichten
=250  \\$a5th ed.
=260  \\$c1986$aMunich$bDTV
=300  \\$a468 pages
=610  \0$aSpanish Civil War$1http://www.wikidata.org/entity/Q10859$940218
=648  \0$a20th Century (1901-2000)$1http://www.wikidata.org/entity/Q6927$920936
=650  \0$aMilitary history$1http://www.wikidata.org/entity/Q192781$93874
=650  \0$aHistory$1http://www.wikidata.org/entity/Q309$921403
=650  \0$aCorrespondence$1http://www.wikidata.org/entity/Q1784733$921392
=651  \0$aSpain$1http://www.wikidata.org/entity/Q29$920983
=942  \\$cBOO
=952  \\$00$10$2ddc$40$6TOP_ES_7_000000000000000$70$8TOP$912569$aORPH$bORPH$cKTS0$d2021-01-12$eKoopman$i40D35$l0$oTOP ES 7$p20122282$r2021-01-12 00:00:00$w2021-01-12$yBOO$OKoopman
=999  \\$d12587

