=LDR  00874nam a2200229 a 4500
=001  12588
=005  20250120115944.0
=008  901011s1990\\\\ne\a\\\\\b\\\\000\0\dut\\
=020  \\$a9067072400 :$cfl 39.90
=040  \\$aOI
=245  04$aHet Waagstuk :$bde geschiedenis van waaggebouwen en wegen in Nederland /$credactie, C.H. Slechte en N. Herweijer.
=260  \\$aAmsterdam :$bBataafsche Leeuw,$c1990.
=300  \\$a128 p. :$bill. (some col.) ;$c29 cm.
=504  \\$aIncludes bibliographical references (p. 125-126).
=650  \0$aWeighhouses$94320
=650  \0$aWeighhouses$94320
=700  \\$aSlechte, C. H.$914087
=700  \\$aHerweijer, N.$915043
=942  \\$cBOO
=952  \\$00$10$40$70$8TOP$912570$aORPH$bORPH$cKTS0$d2021-01-12$p20120268$r2021-01-12 00:00:00$w2021-01-12$yBOO$OKoopman
=999  \\$c12588$d12588
=651  \0$aNetherlands$1http://www.wikidata.org/entity/Q55$9173

