=LDR  01579aam a2200289   4500
=001  12599
=008  241210s1977\\\\||||||||\||||\00|\0dger\d
=020  \\$a3423012331
=100  \\$aDericum, Christa$4edt$939303
=245  \\$aBurgund und seine Herzöge in Augenzeugenberichte
=260  \\$c1977$aMünchen$bDTV
=300  \\$a374 pages
=534  \\$cDüsseldorf: Rauch,1966
=600  \0$aJan zonder Vrees$d1371-1419$cDuke of Burgundy$1http://www.wikidata.org/entity/Q298901$939299
=600  \0$aKarel de Stoute$cDuke of Burgundy$d1433-1477$1http://www.wikidata.org/entity/Q151120$939302
=600  \0$aKarel de Stoute$cDuke of Burgundy$d1433-1477$1http://www.wikidata.org/entity/Q151120$939302
=600  \0$aFilips de Goede$cDuke of Burgundy$d1396-1467$1http://www.wikidata.org/entity/Q239337$939301
=648  \0$aMiddle Ages (500-1400)$1http://www.wikidata.org/entity/Q12554$920964
=648  \0$a15th Century (1401-1500)$1http://www.wikidata.org/entity/Q7018$921015
=650  \0$aHistory$1http://www.wikidata.org/entity/Q309$921403
=650  \0$aBiography$1http://www.wikidata.org/entity/Q36279$91927
=651  \0$aFlanders (Belgium)$1http://www.wikidata.org/entity/Q234$989
=651  \0$aNetherlands$1http://www.wikidata.org/entity/Q55$1http://www.wikidata.org/entity/Q29999$9173
=651  \0$aBurgundy (France)$1http://www.wikidata.org/entity/Q1173$924283
=942  \\$cBOO
=952  \\$00$10$2ddc$40$6TOP_BE_FLA_3_000000000000000$70$8TOP$912581$aORPH$bORPH$cKTS0$d2021-01-12$eKoopman$i40G10$l0$oTOP BE.FLA 3$p20122254$r2021-01-12 00:00:00$w2021-01-12$yBOO$OKoopman
=999  \\$d12599

