=LDR  01176aam a2200205   4500
=001  12618
=008  241126s1968\\\\|||a||||\||||\00|\0\mul\d
=100  \\$aFontaine Verwey, H. de la$1http://www.wikidata.org/entity/Q20978441$4dte$910912
=245  \\$aStudia Bibliographica in Honorem Herman de la Fontaine Verwey
=260  \\$c1968$aAmsterdam$bHertzberger
=300  \\$a478 pages
=500  \\$aThis collection of essays in bibliography and allied subjects was brought together under the editoship of S. van der Woude at the occasion of Herman de la Fontaine Verwey's silver jubilee as Librarian of the University Library Amsterdam, November 1, 1966. 

=650  \0$aBook$1http://www.wikidata.org/entity/Q571$92285
=650  \0$aLibrary$1http://www.wikidata.org/entity/Q7075$94229
=650  \0$aBibliography$1http://www.wikidata.org/entity/Q134995$93965
=650  \0$aBibliophilia$1http://www.wikidata.org/entity/Q214719$921630
=700  \\$aWoude, S. van der$4edt$939253
=942  \\$cBOO
=952  \\$00$10$2ddc$40$6BIB_1_000000000000000_FONT$70$8BIB$912600$aORPH$bORPH$cKTS0$d2021-01-12$eKoopman$i41A19$l0$oBIB1 FONT$p20120196$r2021-01-12 00:00:00$w2021-01-12$yBOO$OKoopman
=999  \\$d12618

