=LDR  01165    a2200241   4500
=001  12630
=005  20251003085459.0
=008  241120s1985\\\\||||||||\||||\00|\0\ger\d
=020  \\$a3852144418
=041  \\$ager
=245  \\$aVolksfrommingkeit in Oberösterreich
=260  \\$c1985$aLinz$bOÖ. Landesmuseum
=590  \\$aSonderausstellung des OÖ. Landesmuseum Linzer Schloss 6. september 1985 bis 6. Jänner 1986
=650  \0$aCultural history$1http://www.wikidata.org/entity/Q858517$922395
=650  \0$aReligion$1http://www.wikidata.org/entity/Q9174$93062
=650  \0$aFolklore$1http://www.wikidata.org/entity/Q36192$94595
=650  \0$aCatalogue$1http://www.wikidata.org/entity/Q2352616$1https://www.wikidata.org/wiki/Q6941730$921484
=650  \0$aExhibition$1http://www.wikidata.org/entity/Q464980$925353
=651  \0$aLinz (Austria)$1http://www.wikidata.org/entity/Q41329$924145
=651  \0$aOberösterreich (Austria)$1http://www.wikidata.org/entity/Q41967$939225
=942  \\$cBOO
=952  \\$00$10$2ddc$40$6TOP_AT_0_000000000000000$70$8TOP$912612$aORPH$bORPH$cKTS0$d2021-01-12$l0$oTOP AT 0$p20120165$r2021-01-12 00:00:00$w2021-01-12$yBOO$OKoopman
=999  \\$d12630

