=LDR  00480    a2200157   4500
=001  12633
=005  20230122211019.0
=020  \\$a9783702465537
=041  \\$ager$aeng
=100  \\$4aut$aVarious$94793
=245  \\$aVerwandlungsmusik
=260  \\$c2007$aVienna$bUniversal
=300  \\$a584 pages
=942  \\$cBOO$2ddc
=952  \\$00$10$2ddc$40$6AES_DORS$70$8AES$912615$aORPH$bORPH$cKM12_1$d2021-01-12$eKoopman$i41D34$l0$oAES DORS$p20120137$r2021-01-12 00:00:00$w2021-01-12$yBOO
=999  \\$c12633$d12633

