=LDR  01132aam a2200229   4500
=001  12634
=008  250910s1970\\\\|||\||||\||||\001\0\eng\d
=020  \\$a0520017838
=041  \\$aeng
=100  \\$aParry, R. H.$4edt$941171
=245  \\$aThe English Civil War and after, 1642-1658
=260  \\$c1970$aBerkeley and Los Angeles$bUniversity of California Press
=300  \\$a[vi]-127 pages
=600  \0$aCharles I$cKing of England, Scotland and Ireland$d1600-1649$1http://www.wikidata.org/entity/Q81506$98279
=600  \0$aCromwell, Oliver$d1599–1658$1http://www.wikidata.org/entity/Q44279$941172
=648  \0$a17th Century (1601-1700)$1http://www.wikidata.org/entity/Q7016$920923
=650  \0$aMilitary history$1http://www.wikidata.org/entity/Q192781$93874
=650  \0$aWar$1http://www.wikidata.org/entity/Q198$92928
=651  \0$aUnited Kingdom$1http://www.wikidata.org/entity/Q21$1http://www.wikidata.org/entity/Q145$9273
=942  \\$cBOO
=952  \\$00$10$2ddc$40$6TOP_GB_5_000000000000000$70$8TOP$912616$aORPH$bORPH$cKTS0$d2021-01-12$eKoopman$i41D37$l0$oTOP GB 5$p20120135$r2021-01-12 00:00:00$w2021-01-12$yBOO$OKoopman
=999  \\$d12634

