=LDR  00319    a2200109   4500
=001  12639
=020  \\$a9789056628345
=245  \\$aDe Gouden Eeuw viert feest
=260  \\$c2011
=942  \\$cBOO
=952  \\$00$10$40$70$912621$aORPH$bORPH$cLOC_UNK$d2021-01-12$l0$p20122090$r2021-01-12 00:00:00$w2021-01-12$yTYPE_UNK$OKoopman
=999  \\$c12639$d12639

