=LDR  01116aam a2200229   4500
=001  12649
=008  250424s2010\\\\|||faoh|\b|||\001\0dger\d
=020  \\$a9783899232455
=041  \\$ager
=100  \\$aFontana, Eszter$d1948-$1http://www.wikidata.org/entity/Q1370843$4edt$940084
=245  \\$a600 Jahre Musik an der Universität Leipzig.$bStudien anlässlich des Jubiläums
=260  \\$c2010$aWettin OT Dössel$bJanos Stekovics
=300  \\$a511 pages
=610  \0$aKarl-Marx-Universität (Leipzig, Germany)$1http://www.wikidata.org/entity/Q154804$921107
=650  \0$aEducation$1http://www.wikidata.org/entity/Q8434$926206
=650  \0$aMusic history$1http://www.wikidata.org/entity/Q846047$921373
=650  \0$aMusic education$1http://www.wikidata.org/entity/Q27908$921766
=650  \0$aInstitution$1http://www.wikidata.org/entity/Q178706$94241
=651  \0$aLeipzig (Germany)$1http://www.wikidata.org/entity/Q2079$945
=942  \\$cBOO
=952  \\$00$10$2ddc$40$6TOP_DE_LEI$70$8TOP$912631$aORPH$bORPH$cKTS0$d2021-01-12$eKoopman$i41F26$l0$oTOP DE.LEI$p20120100$r2021-01-12 00:00:00$w2021-01-12$yBOO$OKoopman
=999  \\$d12649

