=LDR  01143cam a2200229 i 4500
=001  12653
=005  20250603123300.0
=008  771012s1976\\\\fr\\\\\\\\\\\f100\0\fre\\
=020  \\$a2901119026
=040  \\$aOI
=041  \\$afre
=245  04$aLes Fonds anciens des bibliothèques françaises :$bjournées d'étude, Villeurbanne, 13, 14, 15 novembre 1975 
=260  \\$aVilleurbanne$bPresses de l'École nationale supérieure de bibliothécaires$c1976
=300  \\$a275 pages$c22 cm.
=500  \\$awith contributions on libraries of Troyes, Saint-Dié, Toulouse, Saint-Geneviève, Montpellier, Strasbourg.
=590  \\$a[organisées par l'] Association de l'École nationale supérieure de bibliothécaires
=650  \0$aLibrary$1http://www.wikidata.org/entity/Q7075$94229
=651  \0$aFrance$1http://www.wikidata.org/entity/Q142$9131
=710  \\$aAssociation de l'École nationale supérieure de bibliothécaires (Paris, France)$91744
=942  \\$cBOO
=952  \\$00$10$2ddc$40$6BIB_4_000000000000000_FR$70$8BIB$912635$aORPH$bORPH$cKTS0$d2021-01-12$eKoopman$i42B11$l0$oBIB4 FR$p20120083$r2021-01-12 00:00:00$w2021-01-12$yBOO$OKoopman
=999  \\$d12653

