=LDR  02513cam a2200265 a 4500
=001  12654
=008  971029s1996\\\\gw\g\\\\\b\\\\100\0dmul\d
=041  0\$aspa$aeng$apor
=100  \\$aKleinertz, Rainer$d1958-$1http://www.wikidata.org/entity/Q112454935$4edt$915064
=245  00$aTeatro y música en España (siglo XVIII).$bActas del Simposio Internacional, Salamanca 1994
=260  \\$aKassel$bReichenberger$c1996
=300  \\$aviii-234 pages
=490  \\$aColección DeMusica
=504  \\$aIncludes bibliographical references.
=505  \\$gFernando R. de la Flor / El canto catártico: el teatro músico como utopía de la obra de arte total en la ilustración española -- Juan José Carreras / Entre la zarzuela y la ópera de corte: representaciones cortesanas en el Buen Retiro entre 1720 y 1724 -- Reinhard Strohm / Francesco Corselli's Operas for Madrid -- Rainer Kleinertz / La zarzuela del siglo XVIII entre ópera y comedia. Dos aspectos de un género musical (1730?1750) -- César Real Ramos y Luis Alcalde Cuevas / La tonadilla: un capítulo de la historia del espectáculo del siglo XVIII -- Dámaso García Fraile / Un drama heroico en verso castellano: «Glaura y Cariolano» de Joseph Lidón, representado en Madrid, en el tercer centenario del descubrimiento de América -- Manuel Carlos de Brito / Ópera e teatro musical em Portugal no século XVIII:
uma perspectiva ibérica -- Cristina Bedera / Una adaptación española (1778) de «Achille in Sciro» -- Paulino Capdepón Verdú / La capilla musical del Monasterio de la Encarnación -- Thomas Schmitt / El problema del 'estilo español' en la música instrumental española -- Álvaro Torrente / «La armonía en lo insensible y Eneas en Italia», una 'zarzuela casera' de Diego Torres Villarroel y Juan Martín
=546  \\$aChiefly in Spanish; one contribution each in English and Portuguese.
=648  \0$a18th Century (1701-1800)$1http://www.wikidata.org/entity/Q7015$920899
=650  \0$aMusic theater$1http://www.wikidata.org/entity/Q96394452$92065
=650  \0$aOpera$1http://www.wikidata.org/entity/Q1344 $92468
=650  \0$aZarzuela$1http://www.wikidata.org/entity/Q148163$93170
=650  \0$aMusic history$1http://www.wikidata.org/entity/Q846047$921373
=651  \0$aSpain$1http://www.wikidata.org/entity/Q29$920983
=942  \\$cBOO
=952  \\$00$10$2ddc$40$6TOP_ES_5_000000000000000$70$8TOP$912636$aORPH$bORPH$cKTS0$d2021-01-12$eKoopman$i42B21$l0$oTOP ES 5$p20120073$r2021-01-12 00:00:00$w2021-01-12$yBOO$OKoopman
=999  \\$d12654

