=LDR  01065aam a2200241   4500
=001  12669
=008  250624s1990\\\\||||||||\||||\00|\0\dut\d
=020  \\$a9060117085
=041  \\$adut
=245  \\$aOranje-Nassau Museum$pJaarboek 1990
=260  \\$aZutphen$bWalburg Pers$c1990
=610  \0$aOranje-Nassau Museum (Apeldoorn, Netherlands)$1http://www.wikidata.org/entity/Q65095404$940451
=610  \0$aHouse of Orange-Nassau$1http://www.wikidata.org/entity/Q155483$922880
=650  \0$aMuseum$1http://www.wikidata.org/entity/Q33506$93137
=650  \0$aNobility$1http://www.wikidata.org/entity/Q134737$93602
=651  \0$aApeldoorn (Netherlands)$1http://www.wikidata.org/entity/Q101918$925999
=700  \\$aKlooster, L. J. van der$4edt$940447
=700  \\$aTiethoff-Spliethoff, M. E.$4edt$940448
=700  \\$aTamse, C. A.$4edt$940449
=700  \\$aElzenga, E.$4edt$940450
=942  \\$cBOO
=952  \\$00$10$2ddc$40$6VIS_KLOO$70$8VIS$912651$aORPH$bORPH$cKTS1_H$d2021-01-12$eKoopman$i42F20$l0$oVIS KLOO$p20121995$r2021-01-12 00:00:00$w2021-01-12$yBOO$OKoopman
=999  \\$d12669

