=LDR  00308    a2200109   4500
=001  12687
=020  \\$a9051833636
=245  \\$aThe Great Emporium
=260  \\$c1992
=942  \\$cBOO
=952  \\$00$10$40$70$912669$aORPH$bORPH$cLOC_UNK$d2021-01-12$l0$p20127231$r2021-01-12 00:00:00$w2021-01-12$yTYPE_UNK$OKoopman
=999  \\$c12687$d12687

