=LDR  01143cam a22002534a 4500
=001  12688
=005  20250120120333.0
=008  050802s2005\\\\ne\a\\\\\b\\\\010\0\dut\\
=020  \\$a9065508732
=040  \\$aOI
=245  00$aLeven na Descartes :$bzeven opstellen over ideeëngeschiedenis in Nederland in de tweede helft van de zeventiende eeuw /$conder redactie van Paul Hoftijzer en Theo Verbeek.
=260  \\$aHilversum :$bVerloren,$c2005.
=300  \\$a108 p. :$bill. ;$c24 cm.
=504  \\$aIncludes bibliographical references.
=600  \0$aDescartes, René$d1596-1650$1http://www.wikidata.org/entity/Q9191$95525
=650  \0$aPhilosophy$1http://www.wikidata.org/entity/Q5891$92357
=651  \0$aNetherlands$1http://www.wikidata.org/entity/Q55$9173
=700  \\$aThijssen-Schoute, C. Louise$d1904-1961$915086
=700  \\$aHoftijzer, P. G.$911631
=700  \\$aVerbeek, Theo,$d-1945$915087
=942  \\$cBOO
=952  \\$00$10$40$70$912670$aORPH$bORPH$cLOC_UNK$d2021-01-12$l0$p20127222$r2021-01-12 00:00:00$w2021-01-12$yTYPE_UNK$OKoopman
=999  \\$c12688$d12688
=648  \0$a17th Century (1601-1700)$1http://www.wikidata.org/entity/Q7016$920923

