=LDR  01249aam a2200241   4500
=001  12690
=005  20251103122544.0
=008  251103s1988\\\\|||af|||\c|||\00|\0\fre\d
=020  \\$a3791584028005
=041  \\$afre
=245  \\$aLe Baroque Italien.
=260  \\$aLevallois-Perret$bBeaux Arts Magazine$c1988
=300  \\$a34 pages
=490  \\$aLes Grandes Expositions$vHors-Série 28F
=500  \\$aOn the occasion of two exhibitions: "Escales Baroque", Marseille 8.10.1988-27.1.1989 (curator: Françoise Viatte) and "Seicento, le siècle de Caravage dans les collections françaises", Paris, 14.10.1988-2.1.1989 (curator: Pierluigi Pizzi),
=648  \0$a17th Century (1601-1700)$1http://www.wikidata.org/entity/Q7016$920923
=650  \0$aFine art$1http://www.wikidata.org/entity/Q219625$921579
=650  \0$aExhibition$1http://www.wikidata.org/entity/Q464980$925353
=650  \0$aCatalogue$1http://www.wikidata.org/entity/Q2352616$1http://www.wikidata.org/entity/Q6941730$921484
=651  \0$aItaly$1http://www.wikidata.org/entity/Q38$922
=942  \\$cBOO
=952  \\$00$10$2ddc$40$6TOP_IT_5_000000000000000$70$8TOP$912672$aORPH$bORPH$cKTS0$d2021-01-12$eKoopman$i43C11$l0$oTOP IT 5$p20127197$r2021-01-12 00:00:00$w2021-01-12$yBOO$OKoopman
=999  \\$d12690

