=LDR  00348    a2200109   4500
=001  12698
=020  \\$a3861020971
=245  \\$aMenschen im Museum
=260  \\$c1997
=942  \\$cBOO
=952  \\$00$10$2ddc$40$6VIS_STOL$70$8VIS$912680$aORPH$bORPH$cKTS1_H$d2021-01-12$eKoopman$i43E21$l0$oVIS STOL$p20127136$r2021-01-12 00:00:00$w2021-01-12$yBOO$OKoopman
=999  \\$c12698$d12698

