=LDR  00280    a2200097   4500
=001  12702
=245  \\$aDe Vrije Fries 59
=260  \\$c1979
=942  \\$cBOO
=952  \\$00$10$40$70$912684$aORPH$bORPH$cLOC_UNK$d2021-01-12$l0$p20126444$r2021-01-12 00:00:00$w2021-01-12$yTYPE_UNK$OKoopman
=999  \\$c12702$d12702

