=LDR  01251aam a2200241   4500
=001  12704
=008  250505s1980\\\\|||of|||\||||\00|\0\ger\d
=041  \\$ager
=100  \\$aHummel, Heribert$d1939-2010$1http://www.wikidata.org/entity/Q55674052$4aut$940151
=245  \\$a825 Jahre Kloster Schöntal.$b1157-1982. Zisterzienserabtei, Evangelisch-Theologisches Seminar, Bildungshaus der Diözese Rittenburg-Stuttgart.
=260  \\$c1980
=300  \\$a114 pages
=610  \0$aCistercians$1http://www.wikidata.org/entity/Q166861$923733
=610  \0$aKloster Schöntal$1http://www.wikidata.org/entity/Q328036$940152
=650  \0$aMonastery$1http://www.wikidata.org/entity/Q44613$926216
=650  \0$aReligion$1http://www.wikidata.org/entity/Q9174$93062
=650  \0$aArchitecture$1http://www.wikidata.org/entity/Q12271$93185
=650  \0$aMusic history$1http://www.wikidata.org/entity/Q846047$921373
=650  \0$aCultural history$1http://www.wikidata.org/entity/Q858517$922395
=651  \0$aSchöntal (Germany)$1http://www.wikidata.org/entity/Q552236$940153
=942  \\$cBOO
=952  \\$00$10$2ddc$40$6TOP_DE_SCH2$70$8TOP$912686$aORPH$bORPH$cKTS0$d2021-01-12$eKoopman$i43G27$l0$oTOP DE.SCH2$p20126779$r2021-01-12 00:00:00$w2021-01-12$yBOO$OKoopman
=999  \\$d12704

