=LDR  00697    a2200169   4500
=001  12709
=008  210330b\\\\\\\\\\\|||||\||||\00|\0\ger\d
=020  \\$a3258020787
=041  \\$ager$aita
=100  \\$aGeering, Arnold$d1902-1982$4dte$921116
=245  \\$aFestschrift Arnold Geering zum 70. Geburtstag.$bBeiträge zur Zeit und zum Begriff des Humanismus vorwiegend aus dem BEriech der Musik.
=260  \\$c1972$aBern$bPaul Haupt
=300  \\$a257 pages
=700  \\$4edt$aRavizza, Victor$913452
=942  \\$cBOO
=952  \\$00$10$2ddc$40$6REF_4_000000000000000_GEER$70$8REF$912691$aORPH$bORPH$cKM12_1$d2021-01-12$eKoopman$i43G46$l0$oREF 4 GEER$p20126755$r2021-01-12 00:00:00$w2021-01-12$yBOO
=999  \\$c12709$d12709

