=LDR  01186aam a2200217   4500
=001  12712
=008  250409s1939\\\\|||fba||\||||\011\0dger\d
=041  \\$ager
=100  \\$aMöller, Kurt Detlev$d1902-1957$1http://www.wikidata.org/entity/Q18957744$4edt$4aut$940037
=245  \\$aFestschrift zum Hundertjährigen Bestehen des Vereins für Hamburgische Geschichte am 9. April 1939
=260  \\$c1939$aHamburg$bW. Mauke Söhne
=300  \\$a[viii]-373 pages$bseveral folded pages with colored maps
=490  \\$aZeitschrift des Vereins für Hamburgische Geschichte$vBand XXXVIII
=500  \\$aContains essay by Gustav Fock: "Hamburgs Anteil am Orgelbau im niederdeutschen Kulturgebiet", p. 289-371.
=650  \0$aOrgan$1http://www.wikidata.org/entity/Q1444$92810
=650  \0$aHistory$1http://www.wikidata.org/entity/Q309$921403
=651  \0$aHamburg (Germany)$1http://www.wikidata.org/entity/Q1055$921940
=700  \\$aFock, Gustav$d1893-1974$1http://www.wikidata.org/entity/Q105753$4aut$910905
=942  \\$cBOO
=952  \\$00$10$2ddc$40$6TOP_DE_HAM$70$8TOP$912694$aORPH$bORPH$cKTS0$d2021-01-12$eKoopman$i44A11$l0$oTOP DE.HAM$p20126735$r2021-01-12 00:00:00$w2021-01-12$yBOO$OKoopman
=999  \\$d12712

