=LDR  01096nam a2200253 a 4500
=001  12714
=005  20250925143300.0
=008  961112s1995\\\\ne\a\\\\\\\\\\001\0\dut\\
=020  \\$a9070386755
=040  \\$aOI
=245  00$aOfferen aan Mercurius en Minerva :$bNederlandsche Vereeniging van Antiquaren, 1935-1995 /$credactie, Nop Maas en F.W. Kuyper.
=246  14$aNederlandsche Vereeniging van Antiquaren
=260  \\$aAmsterdam :$bDe Buitenkant,$c1995$g(1996 printing)
=300  \\$a235 p. :$cill. ;$c26 cm.
=504  \\$aIncludes bibliographical references and index.
=610  20$aNederlandsche Vereeniging van Antiquaren$xHistory.
=650  \0$aAntiquarian booksellers$zNetherlands$xSocieties, etc.$xHistory$y20th century.
=700  1\$aMaas, Nop.
=700  1\$aKuyper, F. W.
=952  \\$00$10$40$70$912696$aORPH$bORPH$cLOC_UNK$d2021-01-12$l0$p20126729$r2021-01-12 00:00:00$w2021-01-12$yTYPE_UNK$OKoopman
=999  \\$c12714$d12714
=651  \0$aNetherlands$1http://www.wikidata.org/entity/Q55$9173
=648  \0$a20th Century (1901-2000)$1http://www.wikidata.org/entity/Q6927$920936
=942  \\$cBOO

