=LDR  00707    a2200181   4500
=001  12715
=008  210330b\\\\\\\\\\\|||||\||||\00|\0\swe\d
=020  \\$a9185428191
=041  \\$aswe$ager
=100  \\$aEppstein, Hans$d1911-2008$4dte$914776
=245  \\$aStudier och essäer tillägnade Hans Eppstein
=260  \\$c1981$aStockholm$bKung. Musikaliska Akademien
=300  \\$a179 pages
=490  \\$aKung. Musikaliska Akademiens skriftserie$v31
=500  \\$aStudies and essays dedicated to Hans Eppstein
=942  \\$cBOO
=952  \\$00$10$2ddc$40$6REF_4_000000000000000_EPPS$70$8REF$912697$aORPH$bORPH$cKM12_1$d2021-01-12$eKoopman$i44A20$l0$oREF 4 EPPS$p20126726$r2021-01-12 00:00:00$w2021-01-12$yBOO
=999  \\$c12715$d12715

