=LDR  02629cam a22004335a 4500
=001  12720
=008  120615s2012\\\\au\acg\\\b\\\\000\0\ger\d
=041  0\$ager$aeng
=245  00$aIm Schatten des Kunstwerks.$bvol.1: Komponisten als Theoretiker in Wien vom 17. bis Anfang 19. Jahrhundert
=264  \1$aVienna$bPraesens$c2012
=300  \\$a308 pages$billustrations, portraits, music ;$c24 cm$eCD
=490  1\$aWiener Veröffentlichungen zur Theorie und Interpretation der Musik$v1-2
=504  \\$aIncludes bibliographical references.
=546  \\$aContributions chiefly in German, 1 in English (Bd. 2); abstracts in English.
=590  \\$aherausgegeben von Dieter Torkewitz ; redaktionelle Betreuung, Elisabeth Haas.
=600  \0$aMuffat, Georg$d1653-1704$1http://www.wikidata.org/entity/Q170401$97221
=600  \0$aFux, Johann Joseph$d1660-1741$1http://www.wikidata.org/entity/Q311378$910900
=600  \0$aHeinichen, Johann David$d1683-1729$1http://www.wikidata.org/entity/Q506627$95215
=600  \0$aAlbrechtsberger, Johann Georg$d1736-1809$1http://www.wikidata.org/entity/Q314164$95150
=600  \0$aSchubert, Franz$d1797-1828$1http://www.wikidata.org/entity/Q7312$96183
=600  \0$aMozart, Wolfgang Amadeus$d1756-1791$1http://www.wikidata.org/entity/Q254$95341
=600  \0$aBiber, Heinrich Ignaz Franz$d1644-1704$1http://www.wikidata.org/entity/Q153455$99605
=600  \0$aPoglietti, Alessandro$d?-1683$1http://www.wikidata.org/entity/Q671043$922013
=600  \0$aBeethoven, Ludwig van$d1770-1827$1http://www.wikidata.org/entity/Q255$95335
=600  \0$aHaydn, Joseph$d1732-1809$1http://www.wikidata.org/entity/Q7349$94783
=648  \0$a17th Century (1601-1700)$1http://www.wikidata.org/entity/Q7016$920923
=648  \0$a18th Century (1701-1800)$1http://www.wikidata.org/entity/Q7015$920899
=648  \0$a19th Century (1801-1900)$1http://www.wikidata.org/entity/Q6955$920935
=650  \0$aComposing$1http://www.wikidata.org/entity/Q92186587$93076
=650  \0$aMusic theory$1http://www.wikidata.org/entity/Q193544$92662
=650  \0$aRicercar$1http://www.wikidata.org/entity/Q746743$922011
=650  \0$aSolmization$1http://www.wikidata.org/entity/Q223064$921562
=651  \0$aAustria$1http://www.wikidata.org/entity/Q40$9202
=651  \0$aVienna (Austria)$1http://www.wikidata.org/entity/Q1741$920937
=700  \\$aTorkewitz, Dieter$4edt$915104
=700  \\$aHaas, Elisabeth$4edt$915105
=942  \\$cBOO
=952  \\$00$10$2ddc$40$6TOP_AT_VIE_5_000000000000000$70$8TOP$912702$aORPH$bORPH$cKTS0$d2020-07-09$eKoopman$i44B22$oTOP AT.VIE 5$p20126691$r2021-01-12 00:00:00$w2021-01-12$yBOO
=999  \\$d12720

