=LDR  01029cam a22002537a 4500
=001  12721
=005  20250121142129.0
=008  070118s2006\\\\ne\a\\\\\b\\\\011\0\dut\\
=020  \\$a9077503676
=040  \\$aOI
=245  03$aDe andere achttiende eeuw :$bopstellen voor André Hanou /$credactie Cis van Heertum, Ton Jongenelen, Frank van Lamoen.
=260  \\$aNijmegen :$bVantilt,$cc2006.
=300  \\$a304 p. :$bill. ;$c24 cm.
=504  \\$aIncludes bibliographical references and index.
=650  \0$aLiterature$1http://www.wikidata.org/entity/Q8242$94439
=700  \\$aHanou, André$911387
=700  \\$aHeertum, Cis van,$d-1958$915106
=700  \\$aJongenelen, Ton$915107
=700  \\$aLamoen, Frank van$915108
=942  \\$cBOO
=952  \\$00$10$40$70$912703$aORPH$bORPH$cLOC_UNK$d2021-01-12$l0$p20126686$r2021-01-12 00:00:00$w2021-01-12$yTYPE_UNK$OKoopman
=999  \\$c12721$d12721
=648  \0$a18th Century (1701-1800)$1http://www.wikidata.org/entity/Q7015$920899
=651  \0$aNetherlands$1http://www.wikidata.org/entity/Q55$9173

