=LDR  01115aam a2200241   4500
=001  12736
=005  20250925143300.0
=008  250505s1958\\\\|||aco||\||||\011\0dger\d
=041  \\$ager
=100  \\$aHerrmann, Adolf$4win$940139
=245  \\$aHumanitas. 150 Jahre Ludwig-Wilhelm-Gymnasium Rastatt$b1808-1958
=260  \\$c1958$aRastatt$bPabel
=300  \\$a367 pages
=600  \0$aFischer, Johann Caspar Ferdinand$d1656-1746$1http://www.wikidata.org/entity/Q704728$915400
=648  \0$a19th Century (1801-1900)$1http://www.wikidata.org/entity/Q6955$920935
=648  \0$a20th Century (1901-2000)$1http://www.wikidata.org/entity/Q6927$920936
=650  \0$aInstitution$1http://www.wikidata.org/entity/Q178706$94241
=650  \0$aCultural history$1http://www.wikidata.org/entity/Q858517$922395
=650  \0$aEducation$1http://www.wikidata.org/entity/Q8434$926206
=651  \0$aRastatt (Germany)$940134
=942  \\$cBOO
=952  \\$00$10$2ddc$40$6TOP_DE_RAS_6_000000000000000$70$8TOP$912718$aORPH$bORPH$cKTS0$d2021-01-12$eKoopman$i44D39$l0$oTOP DE.RAS 6$p20126600$r2021-01-12 00:00:00$w2021-01-12$yBOO$OKoopman
=999  \\$d12736

