=LDR  01640cam a2200301 a 4500
=001  12743
=005  20250926135309.0
=008  860123s1984\\\\gw\agh\\\b\\\\010\0\mul\\
=020  \\$a3795204321
=040  \\$aOI
=041  0\$ager$aeng$afre
=100  \\$4dte$aRosenthal, Albi$d1914-2004$913639
=245  00$aFestschrift Albi Rosenthal
=260  \\$aTutzing$bSchneider$c1984
=300  \\$a319 pages$billustrations, music, facsimiles$c24 cm
=504  \\$a"Albi Rosenthal, a chronological bibliography": p. 317-319.
=504  \\$aIncludes bibliographical references.
=505  \\$gA General Plan for a History of Music of Dr. Charles Burney With A Catalogue of His Music Library / V. Duckles -- Thoughts on the Origin, Authenticity and Evolution of C.P.E. Bach's D Minor Concerto Wq.22 / E. N. Kulukundis -- Mozart's clarinet fragments KV.516, KV.580b, KV.581a / Ph. Wilby
=561  \\$aHandwritten dedication from the photographer to Rosenthal
=600  \0$aBach, Carl Philipp Emanuel$d1714-1788$1http://www.wikidata.org/entity/Q76428$99218
=600  \0$aMozart, Wolfgang Amadeus$d1756-1791$1http://www.wikidata.org/entity/Q254$95341
=600  \0$aBurney, Charles$d1726-1814$1http://www.wikidata.org/entity/Q547002$910020
=648  \0$a18th Century (1701-1800)$1http://www.wikidata.org/entity/Q7015$920899
=650  \0$aMusic history$1http://www.wikidata.org/entity/Q846047$921373
=700  \\$aElvers, Rudolf$d1924-2011$4edt$99917
=942  \\$cBOO
=952  \\$00$10$2ddc$40$6REF_4_000000000000000_ROSE$70$8REF$912725$aORPH$bORPH$cKM12_1$d2021-01-12$eKoopman$i44G04$oREF4 ROSE$p20126877$r2021-01-12 00:00:00$w2021-01-12$yBOO
=999  \\$d12743

